2946 4852
624 393 844 451 „15-

173 570 261 630 mort
281 565 309 629 I.
335 569 369 628 3:
394 569 431 638 τί,
456 556 482 625 ὦ
505 562 640 638 μάταιοι,
665 561 722 627 τὸν
741 562 861 644 χρυσὸν
884 564 1068 641 potueram
1090 571 1122 627 τί
1142 569 1176 628 δὲ
1198 589 1291 641 τιμω-

175 677 279 750 ρεῖσθε
296 667 429 744 ἑαυτοὺς
442 668 639 746 λογιζόμενοι
656 666 730 744 τοὺς
750 669 879 745 τόκους;
902 669 984 754 Quis
1008 676 1061 738 est
1084 671 1161 753 quin
1184 691 1291 738 reeor-

176 777 275 842 detur
298 775 399 842 ioeosi
422 775 511 841 iliius
535 779 735 854 ψηφίσματος
761 776 796 841 in
818 776 965 859 Menippi
989 786 1004 856 §
1032 783 1060 856 2,
1087 784 1142 861 2⁰3
1175 779 1291 845 deinde

174 884 351 949 recordare
374 882 463 948 Piso.
489 888 544 960 353
576 901 684 949 nonne
707 882 770 948 tihi
802 883 985 949 simillimus
1018 903 1195 952 consensus
1219 904 1291 951 oum

177 991 417 1073 epigrammate
456 990 496 1055 de
538 1008 600 1069 quo
636 990 766 1072 agimus
800 990 903 1056 oeulis
938 991 1156 1058 obversatur?
1213 994 1293 1069 λέξις

174 1096 425 1180 epigrammatis
461 1095 602 1162 oonferri
632 1100 746 1178 potest
777 1115 849 1162 oum
880 1096 1118 1180 epigrammate
1149 1100 1195 1165 X.
1227 1103 1290 1161 26.:

174 1202 316 1265 κτεάνων
339 1209 375 1269 et
398 1205 625 1279 πολυκτέανον,
650 1203 734 1284 quod
750 1205 885 1270 verbum
902 1203 1070 1270 Lueiauus
1086 1204 1187 1271 etiam
1211 1205 1293 1277 alibi

173 1311 261 1375 haud
285 1329 361 1376 raro
384 1315 538 1392 usurpat;
563 1309 604 1375 of.
629 1309 731 1375 Alex.
757 1316 809 1373 24.

264 1419 399 1497 Restat,
423 1421 462 1482 ut
485 1417 526 1481 de
552 1417 600 1482 X.
628 1422 712 1494 122„
737 1418 823 1498 quod
850 1417 920 1483 sola
944 1418 1117 1482 Planudea
1145 1418 1291 1483 Luoiano

176 1523 382 1607 adsignatur,
407 1523 560 1588 iudicium
582 1523 794 1606 proferamus.
842 1524 992 1605 Namque
1018 1525 1057 1589 de
1080 1525 1128 1590 X.
1147 1531 1198 1588 43.
1223 1524 1291 1589 alia

174 1631 305 1696 tradita
328 1649 392 1695 non
416 1629 527 1695 inveni
551 1630 615 1696 nisi
638 1630 758 1695 lemma
782 1626 917 1710 ἄδηλον·
945 1631 1103 1711 quomodo
1131 1631 1235 1713 igitur
1256 1631 1292 1696 in

174 1737 318 1803 Luoiani
341 1737 503 1802 editiones
527 1736 710 1818 irrepserit,
735 1755 795 1820 ego
819 1756 883 1803 uon
907 1738 1012 1803 video.
1036 1774 1072 1784 —
1095 1736 1215 1803 Mirum
1238 1743 1291 1803 est

175 1845 279 1910 solum
302 1845 364 1908 hoo
388 1863 429 1908 ex
444 1843 653 1925 Diogeniano
670 1843 873 1926 epigramma
890 1845 1001 1926 eapite
1018 1843 1142 1910 deoimo
1163 1845 1291 1911 servari

174 1952 347 2034 magisque
364 1951 489 2028 mirum,
508 1969 580 2015 oum
595 1955 687 2016 totus
702 1950 860 2033 poematii
875 1957 972 2016 tenor
987 1969 1121 2033 prorsus
1142 1951 1291 2018 diversus

176 2059 223 2124 sit
248 2077 268 2121 a
290 2056 425 2123 Lucillii
447 2056 571 2139 indole3
596 2057 630 2122 in
655 2057 904 2140 epigrammatis
930 2064 1020 2124 oerte
1043 2057 1194 2140 genuinis
1216 2077 1292 2123 nus-

175 2184 274 2245 quam
298 2164 562 2246 philosophorum
586 2163 774 2230 sententias
804 2165 983 2246 expressim
1007 2182 1203 2245 quamquam
1230 2164 1293 2229 hae
1407 2153 1411 2160 ’

175 2290 219 2336 ex
242 2289 278 2335 re
298 2269 429 2336 minime
453 2270 602 2336 ooneludi
617 2270 697 2336 lioet
721 2290 792 2336 eum
814 2271 942 2336 omnino
966 2271 1204 2353 philosophiam
1228 2289 1294 2336 non

174 2378 364 2443 exercuisse
395 2377 491 2443 immo
522 2378 733 2460 philosophus
765 2385 849 2460 erat,
881 2378 939 2443 sed
971 2379 1056 2443 alius
1088 2377 1292 2460 disciplinae,

172 2504 242 2551 non
259 2485 329 2550 eius
345 2503 430 2565 quae
446 2484 611 2560 δαιμόνιον
628 2490 761 2550 exstare
778 2503 971 2568 persuasum
987 2485 1142 2559 habebat,
1159 2485 1193 2550 id
1209 2485 1294 2565 quod

172 2591 266 2657 infra
289 2591 479 2656 aoouratius
504 2591 712 2672 expositurus
736 2594 846 2672 sum1).
894 2591 1015 2671 Itaque
1039 2591 1101 2657 hoo
1123 2592 1194 2657 loeo
1217 2590 1293 2656 Pla·

172 2698 273 2765 nudis
296 2699 415 2763 lemma
438 2698 597 2764 Palatino
620 2703 795 2781 praestare
818 2699 936 2778 eluoet,
969 2702 1007 2764 ut
1031 2697 1172 2780 saepius,
1197 2717 1293 2778 quarn

172 2800 248 2870 rem
269 2805 382 2870 multis
411 2805 568 2887 exemplis
600 2805 826 2871 demonstrare
859 2804 987 2870 studuit
1010 2803 1175 2886 Georgius
1198 2804 1293 2870 Fine·

172 2911 308 2997 lerus2).
356 2911 390 2977 A
412 2912 560 2977 Luoiano
584 2912 787 2995 epigramma
810 2913 898 2977 haud
921 2912 1064 2976 alienum
1088 2917 1155 2989 est3
1187 2910 1295 2977 omnia

173 3019 404 3087 vocabula-
430 3024 464 3084 et
496 3022 573 3084 sunt
603 3019 638 3084 in
669 3017 736 3083 illis
767 3019 874 3084 minus
905 3018 1035 3084 usitata
1062 3024 1114 3083 ut:
1139 3027 1237 3095 τῦφος
1260 3024 1295 3083 ot

177 3123 280 3206 ὀφρύς
302 3126 535 3208 metaphorice,
561 3145 645 3206 quae
661 3125 854 3207 saepissime
869 3124 1081 3192 inveniuntur
1103 3126 1190 3206 apud
1207 3126 1295 3208 oyni-

176 3253 232 3299 oos
261 3233 489 3315 philosophos,
521 3240 613 3308 νᾶμα,
644 3233 779 3312 μαλαχή,
811 3232 977 3308 πλάτανος,
1009 3238 1171 3310 χαμαί-
1196 3251 1295 3314 saepe

180 3339 268 3422 apud
286 3339 468 3404 Luoianum
485 3346 674 3416 occurrunt3
700 3358 855 3422 expressa
880 3346 932 3405 est
957 3338 1127 3405 sententia
1149 3337 1295 3404 fortasse

179 3465 220 3512 ex
243 3447 418 3529 Halcyone
427 3445 467 3524 ’ἢκ
500 3455 545 3530 tq*
574 3450 723 3530 δαιμονίῳ
756 3443 792 3525 δὴ
815 3447 952 3525 μεγάλην
980 3451 1030 3508 καὶ
1054 3443 1093 3508 οὐ
1116 3444 1296 3525 συμβλητὴν

177 3550 337 3632 ὑπεροχὴν
367 3552 471 3628 ἔχοντι
505 3551 585 3631 πρὸς
615 3550 671 3627 τὰς
701 3551 847 3632 ἡμετέροις
882 3551 1027 3628 δυνάμεις
1056 3549 1166 3632 εὐχερῆ
1196 3552 1295 3629 τύχον

178 3661 251 3734 ἴσως
274 3655 397 3722 ἅπαντα
421 3656 460 3720 τὰ
484 3668 609 3722 τοιαῦτα
633 3665 684 3721 καὶ
707 3667 783 3722 λεῖοι.

268 3765 436 3850 Quantum
443 3767 590 3848 pertinet
602 3766 645 3832 ad
657 3767 770 3831 horum
783 3767 1057 3851 epigrammatum
1069 3769 1177 3831 artem
1184 3763 1295 3829 metri·

181 3891 259 3957 eam,
278 3872 450 3938 dicendum
463 3880 515 3938 est
528 3892 568 3938 ea
580 3873 669 3939 haud
679 3891 819 3955 peecare
831 3879 948 3939 eontra
960 3873 1053 3956 leges
1069 3870 1165 3953 artis,
1183 3874 1295 3937 tamen

266 4048 288 4117 ¹)
307 4047 342 4103 of.
361 4046 435 4101 infra
454 4064 517 4117 pag.
537 4049 580 4102 21.

267 4134 288 4206 ²)
307 4135 448 4192 Kritisohe
465 4136 577 4193 Uuters.
590 4154 614 4191 a.
629 4138 726 4193 Gesoh.
746 4137 770 4193 d.
784 4137 887 4207 grieoh.
903 4137 986 4192 Anth.
1003 4135 1081 4192 Dies.
1095 4136 1188 4206 inaug.
1203 4134 1294 4190 Turio.

183 4224 257 4280 raro.
276 4240 302 4292 p.
323 4227 382 4279 rar.

268 4312 288 4383 8)
308 4328 462 4380 quanquam
480 4329 534 4368 non
552 4312 649 4384 ignoro
667 4313 855 4380 Haloyoueum
873 4312 1136 4372 Pseudoluoianeum
1155 4329 1223 4369 esse.
