2946 4852
732 435 950 493 ..34-

283 607 433 674 adhibito
458 612 517 673 aut
539 610 639 675 verbo
665 607 794 690 addito,
828 605 913 689 quod
936 625 1005 672 rem
1029 607 1131 673 semel
1154 606 1280 673 factam
1304 606 1396 687 quasi

283 734 412 796 semper
435 714 560 780 factam
585 733 657 780 esse
681 713 819 780 iudicet:

376 825 447 897 135,
473 826 502 882 2.
528 822 722 901 νεκοότεοον

376 932 481 1009 137,a.
507 925 746 1007 ώμοβοειότερα.

375 1040 479 1113 134,4,
525 1031 790 1111 Ἡλιοὸοοότεοον
821 1033 890 1118 (vel
921 1033 1060 1100 nominis
1091 1032 1287 1116 appellativi
1316 1050 1396 1098 com·

283 1142 472 1226 parativam
496 1139 651 1225 admisit.)

375 1256 458 1331 68‚2.
483 1248 712 1323 ιιειαινοτάτας,
746 1247 845 1334 (quod
868 1247 956 1329 apud
971 1247 1114 1329 reliquos
1138 1251 1293 1312 auctores
1316 1245 1395 1312 desi·

285 1357 441 1437 deretur).
786 1435 788 1438 Ι

376 1468 485 1544 259,2:
512 1459 550 1524 οὐ
574 1462 681 1525 δύνατ’
707 1458 805 1524 αὐτὸν
829 1461 998 1547 (σαλεῦσαι)
1025 1453 1099 1540 ὅλης
1122 1459 1269 1541 φάρμακα
1289 1467 1393 1524 Θεσσα-

285 1575 359 1648 λίης.
408 1587 435 1633 e.
454 1589 484 1649 q.
504 1588 529 1634 s.
548 1590 573 1634 s.

376 1676 408 1760 2)
432 1676 691 1758 Exaggerantur
703 1677 806 1742 verba
819 1680 878 1741 aut
890 1694 978 1741 nova
996 1679 1031 1740 et
1047 1673 1199 1739 inaudita
1218 1673 1393 1758 finguntur:

376 1788 460 1857 69,1.
485 1782 684 1861 τοικόρωνος.

377 1894 448 1952 140.
473 1888 550 1954 vide
575 1908 673 1970 supra
697 1890 736 1954 de
760 1889 1012 1972 onomatopoeia
1034 1907 1110 1972 pag.
1136 1893 1187 1953 28.

377 1999 481 2070 196,1.
504 1996 725 2076 τοιπιθὴκινος.

377 2107 571 2168 ula-247.
629 2102 723 2185 Quae
754 2103 996 2187 epigrammata
1028 2101 1136 2168 omnia
1168 2105 1301 2166 tantam
1331 2118 1401 2168 ver-

287 2211 400 2274 borum
425 2208 552 2290 copiam
584 2209 750 2292 exhibent,
782 2217 820 2276 ut
851 2210 950 2277 tacile
983 2214 1102 2292 poetae
1134 2206 1304 2273 consilium
1336 2204 1402 2272 ani·

288 2315 526 2382 madvertatur.
796 2327 798 2329 ’

380 2421 535 2487 Ceterum
559 2423 654 2489 huius
671 2424 794 2490 ordinis
810 2430 882 2491 tam
897 2425 1004 2490 multa
1021 2426 1159 2488 exstant
1182 2419 1341 2502 exempla,
1365 2423 1405 2484 ut

291 2528 399 2594 omnia
422 2528 554 2595 adferre
576 2532 817 2612 supersedeam.

377 2653 410 2738 3)
435 2656 484 2720 Ut
514 2640 723 2737 hyperbolice
751 2657 915 2737 loquatur,
948 2653 1097 2721 Lucilius
1129 2672 1170 2718 ex
1199 2650 1405 2734 mythologia

289 2761 553 2843 comparationes
578 2768 613 2826 et
637 2764 784 2845 exempla
808 2764 929 2829 adfert.

378 2874 429 2932 88.
477 2867 533 2946 τὴν
555 2866 670 2949 μικρὴν
694 2874 868 2948 παίζουσαν
890 2867 1048 2949 Ἐρώτιον
1071 2863 1187 2946 ἥρπασε
1209 2864 1341 2942 κώνωψ,

522 2972 540 3054 ἡ
565 2978 612 3038 δὲ·
642 2982 681 3058 τί,
713 2982 799 3055 φησὶ,
828 2975 940 3051 πάθω
969 2983 1029 3037 Ζεῦ
1050 2973 1155 3053 πάτερ,
1180 2996 1198 3051 η
1221 2972 1253 3046 μ’
1277 2971 1406 3045 ἐθέλεις

291 3080 513 3164 Lepidissima
537 3082 645 3148 emula
668 3083 703 3149 in
725 3083 908 3149 minuscula
933 3099 1143 3165 exaggerans
1167 3077 1361 3162 hyperbole!

380 3211 452 3269 104.
485 3206 542 3273 ubi
564 3209 792 3274 Menestratus
816 3207 988 3273 formicam
1014 3205 1167 3286 equitans
1191 3207 1226 3268 et
1251 3202 1408 3285 delapsus

253 3339 255 3344 ·
290 3332 328 3378 se
350 3313 456 3396 ipsum
480 3331 551 3380 cum
575 3314 765 3384 Phaetonte
789 3319 970 3396 comparat.

380 3444 485 3520 107,3.
510 3453 605 3502 κεῖται
629 3434 677 3518 d’i}
707 3442 806 3523 Τιτνῴ
828 3440 1011 3516 ἐναλίγκιος.

382 3570 453 3626 115.
478 3565 704 3645 Menophanes
735 3564 880 3630 medicus
910 3582 982 3629 cum
1012 3559 1210 3644 Eurystheo,
1243 3554 1298 3638 qui
1321 3556 1406 3621 Her·

291 3670 396 3735 cnlem
418 3669 510 3736 misit
533 3671 576 3735 ad
599 3671 733 3753 inferos,
759 3671 936 3736 confertur.

381 3801 453 3860 131.
478 3795 692 3861 Deucalionis
717 3814 836 3876 aquam
851 3792 1116 3873 Phaetontisque
1139 3789 1247 3874 ignem
1271 3805 1337 3884 non
1358 3790 1408 3852 tot

295 3901 442 3967 homines
475 3901 634 3968 occidisse
666 3921 763 3982 quam
793 3900 1016 3983 Hermogenis
1048 3904 1083 3965 et
1114 3892 1307 3963 Polemonis
1339 3910 1407 3958 ear·

293 4007 396 4088 mina;
421 4007 491 4073 dies
514 4027 566 4074 me
590 4009 723 4075 deficiat
747 4008 856 4075 omnia
880 4025 1080 4074 enumerare.

383 4128 417 4214 4)
442 4132 604 4198 Ultimum
635 4131 774 4214 denique
806 4140 873 4207 est,
906 4131 992 4214 quod
1015 4128 1162 4197 Lucilius
1192 4144 1247 4192 res
1277 4140 1409 4207 prorsus

291 4237 447 4316 invertit3
461 4240 952 4323 quaeomninofierinequeunl,
964 4239 1058 4305 fiunt.
1080 4235 1175 4315 Vide,
1186 4232 1247 4301 sis:
1259 4235 1407 4296 89.-95.

294 4349 468 4410 aa-lol.
496 4351 566 4412 105.
594 4352 667 4413 106.
694 4352 890 4412 lan-114.
920 4352 991 4411 165.
1018 4349 1092 4408 257.
1126 4340 1408 4407 308.-391.·405.
