2946 4852
762 398 979 455 „lq-

311 572 504 654 Aegyptius
519 575 586 651 (12.
607 578 678 634 ιω.
694 571 880 651 Antipater
893 569 1049 636 Sidonius
1063 572 1153 651 (15.)
1167 569 1320 634 munus
1334 570 1430 652 (16),

311 679 458 744 Archias
473 682 562 757 (39).
585 678 706 756 Itaque
723 696 795 740 cum
810 692 931 757 poetae
952 677 1018 740 uisi
1040 676 1248 759 elleleagri,
1271 677 1429 759 Philippi,

311 786 485 868 Agatbiae
508 804 630 849 corona
651 803 716 848 nou
738 782 932 849 afferantur.
956 784 1118 849 Lucianei
1138 784 1280 849 nominis
1302 784 1428 850 mentio

312 893 517 966 nonhabet,
548 911 612 972 quo
642 891 852 956 defendatur.
898 891 1102 956 Lucianeum
1130 891 1236 973 igitur
1263 910 1338 957 cese
1361 891 1430 972 epi·

313 1018 462 1082 gamma
473 999 606 1064 minime
617 998 726 1069 credo,
743 998 1001 1078 facillimamque
1012 998 1181 1063 lemmatis
1191 998 1428 1064 correctionem

313 1125 387 1170 esse
410 1107 570 1179 arbitror,
606 1107 635 1169 si
658 1105 864 1169 scnbeudum
896 1124 1055 1186 propono:
1086 1103 1282 1187 'Iordanem
1313 1123 1429 1186 nempe

313 1213 473 1283 eiusdem,
504 1213 596 1276 cuius
618 1211 816 1291 quisquiliae
848 1212 914 1275 iam
945 1224 1138 1291 sequuntur.
1183 1213 1425 1296 (131320.)

312 1322 346 1384 A
360 1319 485 1384 Iuliani
506 1320 640 1401 ingenio
661 1337 726 1382 uon
742 1319 910 1392 abhorret,
933 1337 1010 1382 uam
1029 1330 1064 1383 et
1079 1320 1224 1382 obscena
1246 1318 1425 1392 adamavit,

313 1426 422 1508 (legas
444 1426 589 1491 eiusdem
612 1427 647 1490 in
669 1426 782 1506 capite
804 1426 921 1505 quinto
943 1424 1217 1508 epigrammatal)
1238 1443 1428 1507 semperque

313 1533 530 1597 Tarentinum
552 1533 645 1597 illum
664 1531 848 1596 Leonidam
871 1533 1024 1596 imitatus
1047 1544 1112 1596 est.

403 1637 505 1703 Cuius
527 1639 736 1720 corruptelae
758 1641 930 1721 egregium
954 1639 1184 1704 documentum
1200 1639 1260 1704 VI.
1285 1643 1336 1700 30.
1361 1642 1429 1720 (33.

312 1746 448 1830 Jacob.)
470 1766 603 1811 carmen
625 1758 690 1820 est,
713 1749 798 1827 qnod
822 1766 843 1811 a
867 1747 1026 1811 Palatino
1048 1747 1186 1811 librario
1204 1745 1332 1811 Juliani
1356 1746 1431 1832 (τοῦ

313 1870 413 1932 αὐτοῦ
433 1871 554 1935 lemma
572 1871 721 1954 legitur),
745 1889 767 1935 a
786 1871 938 1935 Planude
961 1853 1111 1933 Jomc'f'
1118 1896 1124 1931 .·
1151 1871 1266 1937 fertur.
1310 1869 1430 1951 Neque

314 1977 357 2042 de
372 1979 434 2042 hoc
449 1979 690 2059 epigrammate
705 1979 798 2043 alind
820 1978 975 2043 iudicium
991 1990 1094 2059 atque
1109 1979 1151 2043 de
1167 1978 1228 2044 vl
1245 1983 1296 2042 ll.
1311 1976 1429 2042 feram.

402 2085 621 2149 Lucilianum
649 2086 789 2165 denique
812 2085 875 2151 Π.
903 2091 974 2149 134
1002 2086 1072 2168 (34.
1093 2083 1228 2165 Jacob.)
1258 2083 1430 2149 vindican-

314 2190 389 2255 dum
412 2202 465 2256 est
487 2202 624 2273 propter
646 2211 787 2272 sequens
812 2198 886 2254 166.
932 2192 1066 2257 Lucillii
1094 2191 1311 2276 epigramma,
1342 2191 1430 2270 quod

315 2297 489 2379 genuinum
505 2317 580 2363 esse
595 2317 696 2380 supra
713 2299 1022 2364 demonstrauimus
1059 2297 1204 2364 Accedit
1221 2297 1308 2378 quod
1324 2297 1431 2378 primo

316 2422 416 2468 versu
436 2405 598 2470 anillius
619 2407 743 2487 repetit
765 2406 986 2472 Parthenium
995 2406 1039 2487 ¹):

407 2518 445 2573 Γ
432 2534 540 2573 ωηο
569 2519 621 2573 zei
645 2520 745 2590 ,Υῃᾳῇι
773 2519 823 2574 καὶ
851 2510 956 2594 'hoico
978 2514 1165 2590 Μελαὲρπῃ,

318 2617 410 2682 cuius
431 2636 548 2683 versus
570 2621 657 2701 apud
679 2619 918 2702 Macrobium2)
942 2630 977 2684 et
1002 2617 1181 2695 Gellium’)
1203 2617 1317 2683 eodem
1335 2616 1433 2681 modo
1469 2657 1471 2660 ⁴

317 2743 381 2804 qno
395 2725 600 2792 Lucillianus
615 2728 751 2809 legitur.
772 2727 861 2792 llira
873 2727 1014 2807 denique
1029 2733 1083 2792 est
1097 2730 1282 2798 Δοιπῦλως
1291 2723 1432 2789 nominis

317 2850 347 2896 v.
376 2837 405 2895 3.
434 2850 506 2897 cum
528 2833 678 2899 Luciano
700 2835 928 2917 congruentia.

404 2940 458 3004 De
481 2942 660 3024 epitymbio
678 2942 715 3007 in
736 2960 874 3023 puerum
897 2940 1137 3021 quinquennem
1160 2938 1240 3007 m
1264 2941 1339 3003 308.
1363 2943 1431 3015 (23.

316 3045 451 3129 Jacob.)
467 3058 593 3114 certum
613 3048 769 3114 iudicium
791 3049 875 3114 ferri
896 3048 1022 3128 nequit.
1057 3047 1125 3115 Sed
1147 3065 1220 3112 cum
1241 3044 1332 3109 iuter
1354 3062 1432 3126 poe·

318 3164 375 3217 tas
389 3155 602 3236 Agathiauos
616 3156 786 3221 inseratur
799 3155 1006 3234 Lucianique
1025 3154 1276 3238 epigrammata,
1300 3152 1331 3216 si
1345 3170 1433 3232 quoe

319 3259 464 3341 scripsit,
487 3261 660 3343 Agatbiae
676 3263 782 3344 cyclo,
804 3263 925 3343 quippe
941 3279 1005 3342 quo
1024 3280 1090 3326 uon
1110 3259 1344 3325 contineantur
1365 3258 1432 3324 uisi

318 3365 444 3443 quarti.
474 3366 596 3446 quinti,
627 3367 716 3431 sexti
753 3369 880 3434 saeculi
907 3368 1086 3449 poematia,
1116 3365 1245 3432 inserta
1271 3382 1348 3430 esse
1374 3383 1431 3430 ue-

318 3479 458 3550 queant,
487 3472 598 3554 potius
627 3474 825 3557 Agatbiano
856 3481 979 3557 poetae
1001 3471 1253 3549 vindicaverim,
1283 3471 1433 3537 fortasse

318 3577 438 3643 iterum
467 3580 608 3645 Iuliano.
662 3581 738 3666 Qua
773 3602 876 3648 causa
907 3581 1062 3648 commoti
1090 3578 1245 3645 librarius
1274 3577 1331 3644 vel
1359 3578 1432 3660 ipse

320 3683 487 3767 Cephalus
510 3687 658 3753 Luciano
681 3690 871 3770 tribuerint,
894 3689 1024 3755 frustra
1045 3686 1203 3768 quaesivi

406 3793 479 3858 Iam
504 3794 699 3861 accedamus
722 3796 766 3861 ad
791 3797 868 3861 libri
890 3797 969 3861 noui
988 3795 1230 3877 epigrammata
1248 3790 1431 3856 Luciauea

406 3899 474 3964 IX.
494 3905 545 3964 74.
558 3902 625 3984 (13.
633 3902 768 3985 Jacob.)
783 3904 817 3968 in
829 3903 990 3968 Palatina
1007 3901 1192 3974 ἀδέσποτον,
1209 3899 1245 3964 in
1256 3898 1434 3964 Planudeu

410 4146 434 4214 ¹)
451 4161 531 4213 quem
548 4146 676 4203 imitatus
694 4158 739 4204 eet
773 4149 858 4220 Verg.
877 4147 911 4204 G.
929 4149 952 4204 l
971 4149 1033 4203 437.

408 4233 619 4304 &wlff
