2946 4852
716 413 933 472 ..56-

351 589 460 666 δῶρον
482 582 500 648 ὁ
525 583 683 660 Νειλαιεὺς
704 586 814 659 πέμπει
838 583 1050 648 ἀοιδοπόλων.

352 693 437 758 Eum
459 692 598 757 Romam
626 709 662 756 se
691 691 869 758 contulisse
898 697 1037 773 apparet
1065 708 1106 756 ex
1136 690 1376 774 epigrammate

262 799 329 865 IX.
355 804 435 862 344:

348 897 405 967 'Hc
428 902 525 968 ὁπότε
548 917 736 983 γραμμαῑσιν
757 902 834 983 ἐμὴν
855 906 954 983 φρένα
976 911 1099 977 μοῖνον
1122 903 1260 984 ἔτερπον,

398 1009 465 1075 odd
492 1008 570 1091 ὄναρ
594 1010 764 1088 εὐγενὲταις
786 1009 943 1088 γνώριμος
965 1010 1135 1084 Ἰταλίόαις.

351 1114 443 1181 Ἀλλὰ
465 1125 564 1182 τανῦν
586 1116 750 1180 πάντεσσιν
773 1117 917 1197 ἐράσμιος
934 1139 942 1154 ·
959 1115 1019 1194 ὀψὲ
1042 1116 1102 1196 γὰρ
1125 1116 1235 1194 ἔγνων,

396 1220 539 1287 ὅπποσσν
567 1223 723 1303 Οὐρανίην
746 1224 907 1302 Καλλιόπη
930 1225 1088 1303 προφέρει,

262 1330 317 1396 nbi
341 1348 377 1395 se
401 1330 477 1395 olim
501 1330 754 1412 grammaticam
776 1329 960 1412 professum
983 1329 1206 1410 Romanisque
1229 1328 1380 1411 ignotum

261 1436 365 1503 fnisse
389 1441 536 1511 enarrat,
561 1454 647 1502 nunc
671 1443 781 1503 antem
805 1455 842 1503 se
863 1437 1004 1503 omnium
1020 1455 1130 1502 amore
1145 1435 1269 1501 florere.
1306 1432 1379 1517 Quo

261 1549 409 1625 tempore
431 1542 568 1624 vixerit,
602 1549 743 1629 apparet
766 1543 852 1609 satis
875 1562 917 1609 ex
940 1543 1180 1626 epigrammate
1202 1541 1268 1608 IX.
1294 1546 1379 1619 355,

262 1668 324 1730 qno
340 1649 517 1731 Poppaeae
534 1649 679 1718 Sabinae
694 1650 871 1734 Augustae
888 1649 972 1715 diem
988 1649 1136 1715 natalem
1153 1648 1379 1728 concelebrat,

261 1775 359 1838 quam
383 1775 455 1822 oum
477 1757 568 1822 Nero
593 1775 678 1822 anno
700 1776 731 1839 p.
757 1755 833 1822 Chr.
857 1775 889 1822 n.
916 1761 968 1819 61.
992 1755 1025 1820 iu
1053 1754 1295 1821 matrimonium
1319 1753 1378 1819 du·

261 1862 364 1938 xerit,
392 1863 484 1929 intra
511 1864 597 1929 bunc
624 1882 744 1928 annum
768 1867 804 1928 et
828 1867 891 1936 64,
920 1881 982 1943 quo
1005 1861 1187 1929 interfecta
1209 1865 1276 1942 est,
1307 1860 1376 1943 epi-

261 1989 411 2054 gramma
436 1971 519 2036 illud
545 1969 733 2036 necessario
762 1974 815 2035 est
847 1968 1076 2052 conscriptum.
1125 1967 1378 2050 Epigrammata

260 2076 323 2144 VI.
347 2081 422 2140 329.
454 2075 662 2160 Agrippinae
691 2093 827 2142 munera
857 2076 1019 2142 natalicia
1052 2075 1232 2142 versiculos
1267 2071 1377 2155 offert,

261 2201 357 2263 quam
389 2183 610 2265 Agrippinam
640 2183 782 2250 Neronis
817 2190 957 2249 matrem
993 2201 1066 2249 esse
1096 2180 1277 2248 verisimile
1312 2188 1379 2247 est.

260 2289 376 2355 Etiam
398 2289 478 2355 Iulii
505 2289 711 2373 gentilicium
738 2290 954 2355 nomenoius
982 2309 1055 2356 cum
1078 2288 1219 2354 Claudia
1248 2285 1380 2353 familia

217 2379 220 2385 ¹
263 2396 490 2462 commercium
507 2400 668 2462 ostentat.
701 2395 835 2465 Vixisse
851 2396 983 2464 videtur
997 2414 1099 2477 usque
1115 2395 1159 2460 ad
1174 2395 1379 2475 Vespasiani

261 2503 315 2568 vel
323 2502 394 2569 diti
405 2502 638 2584 imperatorum
650 2507 814 2584 tempora3
827 2521 969 2584 namque
980 2503 1293 2585 epigrammateIX.
1303 2509 1378 2567 349.

259 2608 452 2690 imperatori
467 2609 510 2674 ad
528 2627 632 2688 aquas
644 2607 789 2676 Cutilias
800 2609 963 2676 natalicia
976 2609 1160 2675 celebranti
1171 2609 1376 2692 gratulatur.

260 2712 387 2797 Quibus
406 2714 544 2781 thermis
560 2714 789 2797 Vespasianus
809 2734 887 2782 usus
904 2721 957 2782 est
976 2735 1008 2781 a.
1028 2720 1079 2782 78.
1100 2716 1211 2797 ibique
1227 2721 1379 2783 mortuus

259 2827 322 2902 est,
347 2822 432 2902 quod
456 2821 557 2888 etiam
581 2821 658 2888 Tito
682 2821 845 2908 accido).

350 2928 546 3010 Philippeae
580 2928 685 3011 igitur
723 2947 863 2995 coronae
906 2928 1152 2997 adnumeranda
1187 2937 1264 2994 sunt
1309 2930 1379 3012 epi·

259 3041 449 3117 grammata
480 3033 565 3114 eine,
597 3041 774 3117 antequam
806 3037 945 3102 Romam
976 3036 1139 3114 venisset,
1175 3036 1379 3118 conscripta,

258 3140 519 3223 Diogenianeaa
544 3161 628 3222 quae
650 3143 777 3209 Romae
801 3142 991 3224 composuit.
1039 3142 1140 3210 Cadit
1163 3142 1267 3225 igitur
1283 3143 1379 3209 Wei-

260 3247 375 3330 gaudii
405 3249 584 3332 sententia,
616 3249 722 3332 ipsum
752 3249 933 3332 Cephalum
957 3250 1125 3318 Leonidae
1155 3250 1297 3329 ῖσόψηφα
1320 3270 1378 3316 ex-

259 3354 433 3436 cerpsisse.
628 3435 632 3442 Ι
1293 3382 1295 3386 ’

347 3461 510 3543 Ultimus,
548 3462 588 3527 de
623 3461 714 3528 cuius
746 3462 997 3546 epigrammatis
1033 3463 1189 3545 scepticis
1218 3463 1379 3531 iudicium

258 3565 346 3632 ferra
368 3585 553 3648 possumus,
577 3567 718 3635 Strato
740 3575 795 3635 est
819 3570 1011 3637 Sardianus.
1059 3569 1180 3652 Oapite
1202 3570 1377 3638 undecimo

258 3674 341 3739 baec
365 3673 435 3740 eius
459 3674 699 3757 epigrammata
722 3676 947 3743 continentur:

346 3781 413 3846 XI.
448 3786 499 3844 19.
525 3786 575 3845 21.
602 3786 669 3867 22„
701 3783 906 3849 antecedunt
928 3783 1089 3850 Nicarchi
1120 3786 1374 3867 epigrammata,

258 3892 440 3966 sequuntur
456 3886 639 3971 Philippea‚
664 3889 780 3971 itaque
802 3890 891 3955 haud
906 3891 1023 3956 mirum
1037 3894 1101 3971 est,
1125 3890 1191 3956 iam
1208 3892 1268 3956 hoc
1290 3891 1375 3967 loco,

258 3990 499 4074 epigrammate
515 3997 576 4073 ad,
599 3999 637 4061 nt
660 4013 761 4078 supra
786 3998 874 4082 (pag.
892 3995 959 4082 49.)
977 3996 1128 4074 viduans,
1152 3996 1374 4079 Philippeum,

257 4116 375 4180 nempe
397 4098 616 4181 Antipatrum
638 4102 977 4184 Thessalonicensem,
1003 4103 1117 4169 videri.

349 4329 371 4396 ²)
390 4327 526 4398 hicineke,
545 4331 667 4400 prolusio
686 4333 720 4388 de
738 4334 883 4402 utriusque
902 4333 1015 4391 Leonid.
1035 4333 1123 4404 epigr.
1144 4335 1219 4389 1791.
