3024 4860
642 455 863 512 ...45-

193 627 237 702 14,
269 645 365 707 quem
395 629 627 693 commemorat
651 627 812 708 Iosephus
822 631 854 706 1).
901 626 997 696 Vixit
1029 626 1133 710 igitur
1165 627 1311 693 fortasse

193 733 406 815 Vespasiana
430 737 546 799 444444
574 737 609 798 44
632 732 706 815 ipse
739 752 866 814 quoque
888 734 1091 817 Diogeniani
1119 735 1311 817 anthologio

196 840 458 907 adnumerandus
489 844 550 906 est.
596 840 657 908 VI.
690 840 1111 930 331444414411444444
1141 841 1311 907 Leonidae

195 945 429 1026 Alexandrini,
460 949 531 1008 332.
555 944 723 1010 Hadriani
745 944 956 1028 imperatoris
981 951 1049 1025 est3
1081 947 1202 1013 iterum
1233 966 1312 1030 ergo

194 1054 297 1119 habes
328 1053 549 1135 fragmentum
573 1052 786 1135 Diogeniani.
834 1054 914 1122 VII.
942 1060 990 1116 71.
1022 1055 1165 1135 positum
1197 1061 1250 1120 est
1278 1055 1311 1119 in

196 1167 291 1241 parte
306 1160 405 1242 plane
425 1159 649 1234 miscellanea,
666 1160 748 1225 144111
767 1165 839 1226 244.
856 1165 891 1226 44
909 1165 997 1236 345.;
1012 1161 1183 1227 antecedit
1200 1167 1312 1226 autem

196 1265 296 1331 Lollii
318 1266 451 1348 Bassil)
482 1265 694 1348 epigramma,
727 1266 813 1346 quod
843 1267 931 1333 haud
960 1267 1027 1333 soio
1057 1287 1100 1333 an
1124 1288 1142 1333 e
1166 1267 1312 1349 Philippi

197 1390 315 1438 corona
339 1372 496 1455 originem
525 1373 640 1448 ducat,
668 1377 740 1436 275.
767 1379 802 1439 et
834 1379 907 1436 354.
931 1372 965 1439 in
990 1374 1157 1440 ordinibus
1188 1374 1310 1440 Melea-

196 1478 285 1561 greis
313 1480 438 1544 habent
467 1479 588 1552 lorum,
620 1479 672 1544 ita
702 1479 740 1545 44
771 1479 916 1545 fortasse
948 1481 1110 1562 quispiam
1141 1481 1311 1562 putaverit

197 1584 408 1652 Gaetulicum
437 1585 514 1651 huie
544 1604 684 1650 coronae
715 1585 783 1651 iam
813 1586 1016 1668 adscriptum
1049 1587 1162 1653 fuisse.
1218 1585 1313 1670 Quae

178 1691 364 1761 ‚sententia
392 1710 429 1757 eo
454 1692 559 1772 eadit,
591 1692 677 1772 quod
699 1711 806 1772 neque
828 1692 863 1758 in
885 1693 1050 1777 Meleagri
1074 1694 1239 1775 prooemio
1262 1694 1311 1759 in·

196 1799 327 1865 venitur
349 1817 454 1879 neque
478 1798 607 1864 omnino
628 1799 851 1865 Romanorum
874 1805 1045 1881 poetarum
1070 1800 1313 1883 epigrammata

197 1906 366 1988 Meleager
387 1903 525 1986 recepit.
571 1903 695 1983 Itaque
719 1923 790 1970 oum
814 1915 940 1971 eertum
961 1912 1191 1989 argumentum
1213 1908 1312 1972 habe·

198 2030 289 2078 amus
319 2011 354 2077 in
385 2011 623 2093 epigrammate
654 2012 722 2076 XI.
755 2016 829 2075 409.
860 2031 965 2093 neque
997 2015 1132 2080 obstent
1166 2013 1313 2079 carmina

197 2118 333 2199 reliqua,
359 2117 570 2185 Gaetulicum
593 2118 840 2201 aDiogeniano
864 2125 1056 2203 excerptum
1081 2138 1155 2186 esse
1178 2139 1312 2203 persua·

198 2244 268 2292 sum
291 2227 407 2292 habeo.

285 2332 466 2400 Philonis
494 2332 697 2416 epigramma
720 2333 789 2397 XI.
815 2338 888 2398 416.
919 2333 1161 2416 eDiogeniani
1193 2353 1314 2400 corona

198 2445 360 2522 sumptum
374 2446 440 2520 est3
459 2439 487 2504 si
502 2458 539 2505 re
549 2458 632 2506 vera
648 2446 766 2505 auctor
778 2446 830 2505 est
843 2440 1033 2506 Herennius
1049 2440 1156 2522 Philo,
1174 2441 1313 2524 Byblius

198 2546 253 2612 ille
281 2547 532 2629 grammaticus
563 2548 627 2613 1144
657 2564 785 2627 quoque
814 2565 916 2612 causa
947 2547 1137 2612 defenditur
1159 2547 1313 2628 Rohdii3)

197 2653 376 2736 sententia,
401 2654 456 2735 qui
480 2673 552 2720 eum
575 2653 700 2720 vixisse
723 2658 823 2735 putat
846 2652 923 2718 inde
946 2655 989 2718 ab
1013 2671 1099 2718 anno
1117 2658 1168 2715 52.
1186 2673 1216 2735 p.
1236 2652 1312 2719 Chr.

197 2779 228 2825 n.
252 2779 355 2842 usque
379 2762 420 2826 ad
445 2761 614 2826 Hadriani
637 2766 788 2841 tempora
817 2759 950 2841 eiusque
974 2756 1076 2839 ἀκμὴν
1100 2759 1312 2825 statuendam

198 2885 272 2933 esse
294 2867 486 2933 Domitiano
510 2868 719 2950 imperatore.
766 2865 996 2949 Epigramma,
1021 2866 1149 2947 dequo
1173 2867 1314 2950 agimus,

197 2973 532 3057 magisaaoorproidsg
554 2993 650 3055 quam
675 2971 852 3035 σκωπτικὸν
877 2979 939 3039 est.

286 3082 394 3147 Unum
426 3101 551 3162 quoque
582 3079 764 3146 Helladii
795 3081 998 3162 epigramma
1020 3080 1095 3144 XI.
1124 3078 1314 3161 4231144-

198 3193 343 3253 mentum
366 3185 586 3271 Diogenianei
608 3184 760 3268 florilegii
789 3192 855 3270 est;
884 3187 999 3267 itaque
1028 3185 1207 3272 1444114114)
1242 3203 1314 3250 sen·

199 3295 308 3360 tentia
337 3295 429 3361 eadit
461 3293 653 3360 Helladium
682 3298 815 3375 poetam
839 3300 874 3360 et
902 3293 1043 3372 ἀρχιερέα
1067 3292 1205 3359 eundem
1229 3310 1315 3365 esse,

198 3399 254 3478 qui
272 3399 396 3467 vixerit
416 3401 530 3482 quinto
546 3404 622 3482 post
641 3398 810 3465 Christum
827 3400 959 3466 saeculo
968 3398 1006 3483 ⁵).
1045 3399 1217 3480 Equidem,
1243 3417 1315 3464 oum
1435 3465 1438 3472 ,

198 3507 347 3573 Helladii
377 3527 493 3574 nomen
526 3513 605 3574 ante
634 3508 718 3573 haee
741 3513 890 3588 tempora
920 3526 1082 3587 nusquam
1113 3505 1313 3579 inveniatur,

197 3613 257 3679 illa
285 3620 397 3680 autem
428 3621 543 3680 aetate
573 3614 608 3680 in
638 3613 765 3679 deliciis
796 3613 908 3695 144114,
944 3618 982 3679 44
1017 3612 1175 3679 feminina
1209 3612 1315 3677 forma

196 3717 373 3806 Ἑλλαὸίηθ)
398 3721 558 3803 docemur,
583 3721 681 3787 valde
707 3720 834 3800 dubito,
863 3738 937 3785 num
962 3725 1054 3785 14444
1078 3718 1240 3785 traditum
1270 3718 1316 3783 sit

287 3933 524 4003 1)1444))11.Β.Ι.
544 3932 592 3987 Vl.
612 3935 637 3999 3,
658 3935 683 3987 8.

286 4021 307 4092 ²)
327 4021 362 4077 of.
382 4022 455 4077 infra
472 4039 536 4092 pag.
555 4023 600 4077 49.

287 4109 381 4176 8)1.1.
401 4128 465 4179 pag.
486 4112 544 4166 175.

286 4197 308 4269 ι)
328 4199 410 4254 44441.
429 4201 516 4269 epigr.
534 4198 612 4255 XIII.
631 4201 692 4255 901.

286 4289 308 4359 1)
327 4288 357 4344 G.
374 4287 398 4343 1.
418 4289 449 4343 G.
470 4290 547 4344 1061.
566 4288 644 4343 8885.
663 4289 742 4342 8838.
761 4290 841 4342 9137.

286 4376 362 4449 1)41.
381 4377 478 4433 Leont.
497 4375 586 4431 841141.
605 4377 683 4431 Plan.
705 4376 803 4445 (XVI.)
823 4376 883 4430 284.
902 4376 964 4430 886.
983 4374 1046 4429 387.
