2946 4852
723 412 939 468 ...48-

362 581 482 662 itaque
507 601 579 648 cum
602 588 696 648 certa
719 582 903 648 habeamus
933 581 1140 659 testimonia,
1171 582 1288 662 quibus
1317 601 1393 649 con-

271 689 419 755 firmetur
434 689 645 755 Hadrianum
663 687 796 756 Graeca
820 707 946 770 quoque
968 689 1210 772 epigrammata
1230 689 1393 770 conscrip

273 797 367 870 sisse,
392 815 433 861 ea
455 802 697 876 quae-exstant
718 796 752 861 in
782 795 984 879 anthologiis
1000 795 1141 863 Graecis
1161 814 1220 878 pro
1240 795 1393 878 genuinis

273 901 422 984 accipere
444 921 509 967 non
532 908 693 968 vetamur.

359 1008 535 1075 Polliani
557 1009 592 1073 in
608 1007 816 1089 Anthologia
841 1008 1003 1074 Palatina
1026 1015 1184 1088 quattuor
1209 1009 1289 1094 (XI.
1319 1015 1390 1073 127.

275 1121 345 1180 128.
374 1121 445 1179 130.
474 1116 570 1200 167.),
602 1133 699 1181 unum
729 1114 764 1179 in
792 1114 966 1187 Planudca
996 1115 1139 1201 (Duebn.
1161 1115 1262 1183 XVI.
1291 1116 1391 1201 150),

272 1222 513 1305 epigrammata
545 1227 682 1287 servata
719 1227 812 1297 sunt3
856 1240 896 1286 ex
927 1222 979 1287 his
1016 1222 1219 1305 epigramma
1253 1228 1324 1286 128.
1357 1223 1392 1287 in

271 1329 403 1394 Florum
427 1336 561 1411 poetam
584 1327 764 1409 invehitur,
789 1327 845 1409 qui
869 1327 1015 1395 fortasse
1038 1329 1125 1394 idem
1149 1333 1202 1393 est
1227 1335 1328 1409 atque
1350 1330 1390 1404 is,

271 1454 367 1516 quem
382 1435 551 1500 Hadriani
574 1433 772 1500 familiarem
796 1434 900 1500 fuisse
924 1440 1068 1501 constat.
1106 1434 1149 1502 Se
1165 1435 1272 1516 ipsum
1287 1436 1391 1519 elegis

271 1560 396 1622 quoque
421 1560 552 1622 operam
577 1543 657 1607 dare
681 1542 762 1607 dicit
787 1542 1028 1626 epigrammate
1050 1547 1132 1617 leo,
1158 1560 1219 1622 quo
1244 1560 1280 1607 se
1305 1543 1390 1607 Par-

270 1648 376 1713 thenii
399 1655 434 1713 et
459 1647 655 1713 Callimachi
678 1654 881 1714 sectatorem
906 1667 979 1714 esse
1003 1647 1185 1730 profitetur.

357 1755 410 1820 De
434 1754 648 1837 Dionysio
680 1754 934 1838 epigrammatis
957 1755 1024 1819 XI.
1060 1760 1131 1817 182.
1166 1761 1302 1821 auctore
1333 1756 1390 1822 vix

271 1861 355 1927 certi
383 1861 559 1941 quidquam
583 1861 707 1927 adferri
735 1861 869 1944 poterit.
919 1861 1088 1944 Suspicati
1112 1869 1189 1927 suut
1211 1861 1276 1927 viri
1298 1861 1390 1928 docti

271 1967 311 2032 de
344 1967 451 2033 variis
488 1968 627 2034 omnium
664 1968 733 2034 fere
767 1974 951 2050 temporum
986 1967 1204 2054 Dionysiis31)
1240 1968 1391 2048 equidem

270 2093 387 2166 nomen
432 2076 467 2139 in
490 2075 595 2140 medio
619 2075 776 2156 relinquo,
810 2075 887 2156 quia
919 2081 972 2141 tot
1000 2076 1148 2140 homines
1172 2073 1296 2141 Graeci
1327 2077 1390 2141 hoc

271 2326 300 2375 et
316 2321 480 2391 Phlegontis
499 2320 563 2375 libri
599 2319 736 2375 Hadriani
759 2336 820 2375 esse
840 2320 976 2374 dicuntur.
1016 2319 1206 2375 Catachannas
1230 2321 1316 2376 libros
1341 2323 1390 2376 ob·

271 2409 443 2465 scurissimos
453 2408 647 2463 Antimachum
661 2409 794 2471 imitando
805 2409 926 2477 scripsit.
945 2409 1026 2463 Floro
1043 2417 1142 2477 poetae
1155 2409 1286 2465 scribenti
1299 2410 1333 2464 ad
1345 2426 1390 2466 sc:

642 2513 694 2567 ego
713 2497 776 2552 nolo
797 2497 901 2552 Caesar
922 2513 991 2564 esse,

643 2586 763 2642 amblare
782 2601 831 2655 per
848 2585 1007 2653 Britannos,

642 2763 786 2832 Scythicas
804 2762 864 2832 pati
883 2763 1004 2832 pruinas,

269 2835 428 2907 rescripsit:

644 2922 696 2975 ego
714 2906 777 2961 nolo
797 2905 897 2960 Florus
917 2921 986 2972 esse,

643 2994 764 3049 amblare
782 3009 832 3063 per
850 2995 989 3062 tabernas,

643 3084 756 3138 latitare
775 3099 825 3152 per
842 3083 966 3152 popinas,

643 3174 745 3227 culices
763 3172 823 3242 pati
842 3173 984 3227 rotundos.

269 3263 374 3317 amavit
391 3266 538 3331 praeterea
556 3277 643 3331 genus
661 3268 804 3317 vetustum
823 3261 933 3317 dicendi
953 3299 1068 3317 .....
1087 3261 1126 3315 Et
1144 3277 1203 3330 cap.
1217 3262 1267 3316 25:
1286 3269 1316 3315 et
1331 3277 1392 3315 mo·

268 3350 342 3406 riens
361 3351 470 3419 quidem
489 3352 538 3407 hos
557 3367 654 3408 versus
673 3351 773 3407 fecisse
793 3351 908 3406 dicitnr:

640 3440 760 3495 animula
778 3441 882 3509 vagula
901 3438 1039 3505 blandula,

640 3530 740 3598 hospes
760 3543 906 3596 comesque
925 3529 1055 3597 corporis,

641 3633 711 3685 quac
730 3633 803 3672 nunc
823 3616 911 3671 abibis
930 3615 959 3669 in
978 3617 1040 3670 loca

640 3706 773 3775 pallidula
791 3704 884 3775 rigida
902 3705 1005 3759 nudula

640 3811 699 3862 nec,
718 3802 750 3848 ut
770 3793 853 3862 soles,
874 3792 953 3847 dabis
972 3793 1053 3848 iocos.

268 3885 339 3940 tales
352 3891 445 3939 autem
457 3900 508 3940 nco
520 3884 607 3938 multo
621 3883 749 3938 meliores
762 3883 832 3938 iecit
848 3888 878 3938 et
890 3880 1019 3936 Graecos.
1030 3911 1063 3920 —
1075 3879 1208 3936 Conferas
1220 3880 1387 3937 Baehrentis

268 3981 340 4042 poet.
365 3975 415 4028 lot.
439 3973 502 4028 min.
529 3973 685 4028 iae-196.
709 3979 737 4026 et
762 3971 835 4040 apud
860 3970 976 4025 Dionem
1001 3970 1126 4025 Cassium
1150 3970 1227 4024 vides
1252 3969 1389 4037 scripturn

268 4063 389 4133 (69,10.):
410 4061 424 4114 ὃ
436 4062 610 4134 Βορυσθένης
623 4061 638 4113 ὁ
651 4065 740 4119 ἵππος,
759 4055 782 4125 ᾧ
800 4057 916 4127 μάλιστα
929 4059 1026 4132 θηρῶν
1044 4058 1177 4128 ἠρέσκετο,
1197 4101 1203 4113 .
1217 4100 1223 4114 .
1238 4097 1244 4113 .
1259 4100 1265 4113 ,
1279 4096 1286 4112 .
1300 4098 1306 4111 .
1320 4057 1388 4109 α’πο-

268 4151 387 4203 &aversa
410 4151 461 4223 γὰρ
485 4151 559 4215 αὐτῷ
583 4155 626 4201 καὶ
649 4152 738 4220 τάφον
762 4150 936 4200 κατεσκεύασε
960 4152 1004 4199 καὶ
1027 4145 1124 4213 στήλην
1147 4149 1236 4213 ἔστησε
1264 4150 1307 4197 καὶ
1333 4147 1389 4197 ἐπε-

267 4242 413 4312 γράμματα
432 4233 591 4312 ἐπέγραψεν.
623 4242 762 4311 (Latinum
782 4248 875 4294 exstat
893 4240 1062 4308 epigramma
1081 4238 1153 4305 apud
1171 4235 1294 4292 Riesium
1313 4237 1388 4306 903.)

358 4331 378 4400 1)
396 4328 522 4400 inprimis
541 4330 574 4387 de
592 4329 724 4400 Dionysio
744 4330 882 4399 Sophiste.
904 4327 1027 4399 (Reislre,
1048 4327 1162 4397 lacobs.)
