2946 4852
529 392 743 450 ...53-

84 563 206 632 aetatis
228 566 346 646 poetas
370 564 412 629 ab
436 562 579 629 audacia
607 569 642 630 et
665 558 852 631 acerbitate
881 561 1080 630 discriminis
1107 561 1197 630 inter

83 671 259 757 magistros
284 669 425 739 vidimus
445 671 480 736 in
495 669 618 736 Lucilii
640 669 680 736 de
695 668 925 737 Aristarcheis
946 669 1194 753 epigrammate.
1219 744 1223 750 ,

158 777 393 846 'Oallimachus
415 795 458 842 ne
481 776 633 843 Martiali
656 776 786 858 quidem
810 777 986 844 adamatus
1010 781 1095 853 erat,
1121 796 1196 844 con·

81 885 171 953 feras
194 884 240 951 X.
265 891 296 966 4,
319 889 380 948 >122

167 989 315 1058 sednon
336 989 399 1072 vis,
423 989 601 1065 Mamurra,
628 992 704 1055 tuos
729 1006 927 1073 cognoscere
950 1008 1056 1057 mores

260 1113 323 1162 nec
338 1100 382 1162 ‘te
405 1095 506 1162 scire!
531 1095 625 1180 legas
647 1093 754 1161 Aetia
777 1093 988 1163 dalimachil

81 1205 164 1272 adde
187 1205 248 1272 IV.
274 1208 325 1266 23.
352 1239 395 1251 -

165 1309 369 1378 Leonidae
381 1309 662 1385 Alexandrini,
679 1309 848 1389 ῖσαψήφαν
860 1311 1018 1395 auctoris,
1035 1310 1197 1394 epigram·

81 1418 371 1501 matapriusquam
381 1416 486 1483 denuo
500 1417 687 1498 quaestioni
699 1418 902 1498 submittam,
917 1417 1197 1484 confiteorreoan-

83 1525 247 1593 tissimum
262 1524 366 1592 Settii
380 1524 541 1590 libellum:
566 1523 624 1591 Gli
647 1523 842 1607 epigrammi
863 1524 917 1591 dei
931 1524 1080 1592 Leonida
1103 1530 1197 1590 1893.

81 1633 222 1700 nondum
245 1631 325 1697 mihi
340 1637 476 1713 praesto
493 1629 606 1712 fuisse,
631 1629 780 1711 quamvis
802 1649 935 1712 operam
951 1631 1109 1712 dederim;
1128 1630 1198 1697 ita-

82 1761 141 1823 que
152 1739 226 1806 fieri
237 1743 360 1822 potest,
377 1745 415 1806 ut
431 1739 536 1804 multa
554 1738 654 1803 iama
669 1738 741 1804 viro
755 1736 852 1804 docto
870 1739 961 1804 Italo
973 1740 1107 1821 prolata
1119 1737 1197 1804 sint.
1243 1796 1245 1801 ,

170 1845 403 1930 Weigandius,
428 1864 522 1927 quem
546 1843 715 1911 Leonidae
737 1843 960 1911 Alexandrini
982 1845 1198 1931 epigramma·

82 1961 150 2022 tum
173 1971 325 2020 numeros
349 1956 517 2032 ἰσοψηφίας
548 1956 739 2034 computare
770 1956 961 2034 pertaesum
986 1957 1047 2033 est,
1079 1952 1198 2019 Leoni·

83 2062 156 2127 dam
188 2060 257 2126 alia
294 2059 461 2141 poematia
492 2058 556 2124 nisi
588 2059 728 2137 ἰσόψηφα
761 2077 825 2125 nou
861 2058 1034 2142 scripsisse
1065 2058 1199 2140 eiusque

83 2167 229 2234 carmina
254 2167 296 2232 ab
319 2166 390 2247 ipso
409 2165 558 2247 Cephalo
582 2171 741 2246 excerpta
765 2183 839 2232 esse
863 2165 1077 2234 existimavit.
1115 2165 1199 2232 Tum

84 2273 269 2341 Haenelius
292 2272 347 2358 (de
371 2270 618 2355 cognominibus
641 2271 676 2337 in
691 2271 899 2355 Anthologia
922 2271 1055 2339 Graeca
1078 2273 1197 2354 poetis,

82 2380 258 2463 praecipue
281 2379 322 2444 de
342 2377 500 2445 Leonidis
525 2377 636 2463 1867.)
660 2377 799 2444 traditis
821 2377 989 2445 lemmatis
1004 2377 1102 2445 nimis
1127 2397 1199 2445 con·

82 2487 159 2554 fisus
186 2485 358 2566 utriusque
390 2484 559 2551 Leonidae
592 2484 738 2551 carmina
767 2500 948 2569 segregare
976 2485 1114 2566 studuit,
1147 2485 1200 2552 cui

83 2591 302 2660 libentissime
332 2591 504 2658 Flnslerus
536 2591 762 2681 adstipulatus¹
798 2598 861 2658 est.
915 2591 1043 2659 Oontra
1079 2593 1199 2659 itemm

83 2695 361 2768 Stadtmuellerus
392 2697 591 2765 felicissimis
622 2697 822 2764 coniecturis
851 2698 1009 2765 nonnulla
1039 2699 1199 2783 epigram·

82 2811 174 2872 mata
189 2808 350 2869 Λεωνίδου
372 2810 565 2885 Ταραντίνου
580 2804 747 2871 lemmatis
770 2804 940 2889 insignita,
966 2825 1039 2872 cum
1060 2803 1199 2885 ἰσόψηφα

81 2913 278 2986 invenisset,
301 2910 531 2978 Alexandrino
562 2911 718 2977 reddidit.
765 2911 961 2996 Quanquam
991 2930 1043 2978 me
1073 2931 1200 2994 quoque

82 3019 180 3087 valde
210 3023 402 3101 pertaesum
425 3021 478 3084 est
506 3036 659 3084 numeros
689 3022 889 3101 computare,
922 3023 1035 3085 tamen
1059 3018 1199 3085 omnium

84 3125 360 3210 epigrammatum
383 3123 607 3208 ambiguorum
630 3142 792 3205 numeros,
817 3123 865 3191 eis
889 3123 1019 3192 scilicet
1039 3125 1198 3212 exceptis,

84 3248 167 3312 quae
190 3249 250 3313 pro
275 3234 366 3296 certo
383 3230 558 3297 Tarentini
582 3230 725 3314 genuina
749 3249 822 3297 esse
846 3236 882 3297 et
904 3230 996 3298 locus
1019 3231 1107 3298 iuter
1131 3231 1198 3299 Mc·

82 3339 234 3422 leagreos
242 3343 362 3420 poetas
371 3341 489 3403 ettota
500 3338 680 3404 carminum
688 3338 816 3405 indoles
829 3342 988 3420 testatur,
999 3338 1197 3422 computavi.

82 3443 285 3511 Tarentinus
301 3443 389 3511 enlm
405 3444 463 3511 ille
478 3445 655 3527 Leonidas,
673 3463 747 3511 moa
763 3444 893 3526 quidem
909 3446 1088 3528 sententia,
1104 3465 1199 3528 prae·

87 3550 292 3619 clarissimus
316 3551 467 3634 omnium,
491 3570 626 3633 quorum
648 3557 785 3618 exstant
808 3551 1012 3636 fragmenta,
1037 3548 1199 3636 epigram-

82 3659 374 3752 matographomm
396 3664 498 3742 poeta
512 3658 859 3743 ingeniosissimusque
883 3664 946 3742 est,
971 3678 1066 3740 quem
1088 3659 1198 3735 facile,

83 3765 273 3831 accuratius
298 3765 326 3830 si
349 3765 567 3847 perspexeris,
594 3784 615 3830 a
636 3764 872 3848 versificatore,
897 3766 944 3832 sit
965 3766 1065 3835 venia
1087 3767 1198 3846 verbo,

81 3871 310 3939 Alexandrino
342 3870 520 3937 discernes.
565 3869 678 3954 Igitur
706 3870 1006 3952 computationibus
1038 3871 1199 3940 confectis

81 3979 165 4044 hacc
182 3976 329 4043 carmina
344 3977 466 4061 inveni,
491 3996 575 4058 quae
597 3979 638 4043 ab
655 3977 880 4045 Alexandrino
896 3977 1045 4044 Leonida
1061 3978 1199 4046 oriunda

81 4101 157 4150 esse
181 4088 327 4150 constat:

169 4188 233 4260 VI.
258 4194 454 4254 eat-329.
479 4204 563 4271 quae
595 4189 663 4255 iam
684 4189 719 4255 in
744 4188 946 4273 anthologiis
977 4193 1016 4255 ut
1038 4192 1199 4252 Λεωνίδαν

79 4293 306 4377 Ἀλεξανδρέως
337 4294 477 4375 cotoneo
507 4295 637 4363 tradita
667 4301 753 4363 sunt.
808 4293 954 4363 Servata
984 4302 1063 4362 sunt
1093 4295 1128 4360 in
1159 4313 1199 4360 ea
