2946 4852
566 453 784 512 ..40-

116 626 284 707 Nicarehi,
310 645 375 692 non
390 626 554 692 Nicandri
571 627 674 711 est¹);
692 645 742 708 en,
763 628 865 692 habes
882 629 1021 693 eundem
1038 627 1241 694 Nicarehum

118 733 281 799 amatoria
320 737 356 798 et
394 734 537 799 obscena
576 733 795 799 adamantem.
835 733 995 800 conferas
1033 734 1074 802 V.
1109 739 1162 800 40.
1199 735 1241 800 de

115 842 311 908 Philumena
341 860 372 907 v.
399 848 440 903 9.:
465 838 504 921 ἢν
532 841 566 902 ἐν
589 845 697 919 γαστρὶ
725 839 853 923 lippe)
982 860 1056 907 eum
1087 841 1155 905 XI.
1185 847 1239 903 18:

115 948 174 1011 οὐκ
196 949 230 1011 ἐν
254 952 360 1027 γαστρὶ
383 949 534 1023 λαβοῦσα,
560 952 727 1021 Φιλαίνιον,
752 970 842 1020 ....;
865 955 936 1012 tum
956 931 997 1015 V.
1025 953 1115 1023 38,1:
1143 944 1184 1010 ἂν
1207 971 1242 1009 τε

118 1060 167 1117 καὶ
192 1051 290 1133 ἀκμῆς
321 1050 431 1135 ἅπτητ’
555 1071 627 1118 eum
650 1053 715 1118 XI.
741 1058 798 1115 71:
822 1050 939 1132 ἤκμασε
968 1055 1118 1133 Νικονόη,
1151 1050 1241 1132 κάγὼ

115 1163 206 1239 λέγω,
231 1157 346 1241 ἤκμασε
377 1161 405 1223 δ’
437 1159 546 1238 αὐτή.
573 1180 664 1243 ...;
694 1158 812 1225 deinde
844 1166 1075 1243 argumentum
1107 1161 1149 1226 V.
1184 1164 1240 1228 38.

115 1268 200 1333 idem
226 1272 279 1332 est
302 1271 403 1346 atque
419 1267 483 1330 XI.
511 1271 561 1327 71.
587 1269 622 1330 00
648 1269 714 1342 73.;
739 1266 781 1334 V.
806 1271 858 1329 40.
884 1266 1039 1331 carminis
1064 1286 1239 1349 argumen-

115 1380 183 1440 tum
209 1372 309 1438 facile
332 1372 537 1453 componitur
553 1391 625 1437 cum
640 1371 707 1436 XI.
735 1378 797 1454 18.;
822 1391 918 1455 00000
942 1372 1082 1438 nominis
1099 1379 1241 1448 Σίμυλος

115 1479 278 1545 mentione
321 1478 518 1543 imitabatur
556 1477 741 1544 Nicarchus
786 1479 950 1545 Lucilium
959 1478 984 1561 ⁸)
1020 1480 1099 1559 (Xl.
1143 1485 1238 1558 187.).

114 1586 236 1665 Itaque
267 1584 508 1667 epigrammata
539 1585 581 1650 V.
614 1588 765 1648 att-40.
797 1585 901 1650 eidem
925 1585 1110 1662 Nicarcho,
1145 1585 1239 1651 cuius

114 1711 222 1775 nugae
245 1691 328 1757 libro
351 1690 521 1755 undecimo
540 1689 688 1755 insertae
705 1690 1238 1772 0000100000000010000100000

113 1817 295 1883 possumus.
344 1796 471 1863 Oontra
498 1797 565 1860 XI.
599 1801 673 1860 330.
705 1797 804 1878 plane
833 1797 934 1863 aliam
958 1804 1079 1877 poetae
1111 1797 1238 1880 ingenii

114 1906 255 1989 speeiem
280 1923 419 1986 praese
443 1903 520 1968 fert.
563 1903 726 1986 Dialogus
751 1903 837 1967 enim
861 1911 913 1968 est
936 1904 1025 1969 10000
1048 1905 1177 1969 Panem
1203 1914 1238 1970 00

113 2010 395 2095 peregrinantem,
425 2009 575 2091 inprimis
604 2009 676 2090 ipse
704 2010 778 2074 Pan
807 2009 953 2089 loquitur
983 2015 1119 2076 statuae
1148 2010 1236 2087 100ος

113 2118 277 2185 dialectos
311 2123 423 2182 autem
455 2116 568 2181 dorica
599 2122 669 2194 00ος
702 2135 786 2196 0000
818 2116 926 2181 omnia
955 2135 1116 2197 nusquam
1144 2119 1239 2199 apud

112 2225 314 2293 Nicarchum
337 2223 496 2288 iuniorem
520 2223 741 2290 inveniuntur.
788 2223 910 2303 Itaque
938 2223 999 2288 hoc
1031 2223 1238 2307 epigramma

112 2333 183 2400 iure
207 2334 249 2397 ah
273 2332 330 2397 illo
354 2335 455 2413 poeta
479 2329 748 2395 abiudicahimus.
795 2331 867 2394 Iam
891 2329 1071 2412 videamus,
1097 2330 1149 2395 cni
1166 2332 1237 2396 tri·

112 2440 273 2505 buendum
293 2439 347 2504 sit.
372 2437 650 2504 Stadtmuellerus
667 2437 688 2500 l.
706 2436 727 2501 l.
745 2436 911 2519 cogitavit
928 2436 968 2501 de
979 2436 1080 2502 Nicia
1096 2438 1236 2519 medico,

113 2544 283 2611 Theocriti
306 2544 411 2608 amico
427 2543 568 2618 Milesio,
586 2543 677 2607 cuius
693 2542 729 2607 in
743 2543 951 2625 Anthologia
967 2543 1128 2608 Palatina
1150 2545 1238 2610 haec

111 2651 323 2718 inveniuntur
348 2651 605 2733 epigrammata:
1208 2679 1210 2682 <

202 2774 264 2842 VI.
286 2779 357 2837 122.
383 2773 534 2856 dialogus
556 2773 647 2838 10000
670 2773 868 2837 Maenadem
893 2777 927 2837 et
950 2773 1234 2858 peregrinantem,

116 2880 260 2975 dialecto
285 2880 407 2963 dorica,
431 2880 521 2944 inter
542 2878 750 2961 Meleagreos
774 2885 900 2960 poetas.

198 3005 260 3074 VI.
294 3011 364 3068 127.
401 3005 581 3069 anathema
611 3003 743 3068 Dianae
780 3003 968 3069 dedicatum
1003 3006 1045 3068 ah
1081 3004 1234 3087 Epixeno

109 3112 259 3194 quodam,
288 3112 408 3178 iterum
433 3111 577 3176 dialecto
602 3110 727 3212 (100100,Ι
755 3110 844 3176 10000
866 3111 1076 3194 Meleagreos
1100 3116 1232 3193 poetas.

199 3236 260 3304 VI.
292 3240 366 3301 270.
401 3236 562 3317 Ilithyiae
593 3243 706 3302 votum
744 3236 785 3300 ab
816 3235 1026 3316 Amphareta
1057 3255 1231 3318 puerpera,

111 3341 256 3408 dialecto
280 3342 402 3417 dorica,
427 3343 516 3407 inter
539 3343 757 3424 Meleagreos.

199 3467 279 3535 VH.
304 3471 377 3532 200.
406 3467 551 3549 lepidum
579 3465 792 3548 epitymbium
824 3469 865 3540 εἰς
888 3467 1009 3542 τέττιγα
1032 3463 1096 3528 ὑπὸ
1120 3467 1233 3542 παιδὸς

109 3572 329 3654 ἀναιρεθέντα,
360 3574 481 3640 iterum
512 3575 601 3639 inter
629 3574 836 3655 Meleagreos
866 3581 986 3652 poetas
1018 3578 1052 3638 et
1085 3573 1232 3639 dialecto

110 3679 224 3747 dorica
250 3681 482 3764 conscriptum.

198 3808 265 3872 IX.
284 3813 358 3870 315.
384 3805 626 3890 epigrammati,
652 3805 692 3870 de
708 3823 770 3885 quo
786 3805 909 3888 agitur,
933 3804 1141 3880 simillimum,
1160 3807 1230 3873 dia·

109 3911 198 3978 lecto
222 3914 344 3995 dorica,
368 3913 458 3979 inter
472 3912 638 3996 Meleagri
654 3930 793 3977 coronae
809 3911 1010 3994 fragmenta.
1052 3911 1229 3981 Conferas:

110 4072 321 4082 u———-—.-...

200 4194 220 4263 ¹)
239 4193 401 4248 Schneider:
420 4192 577 4248 Nicandrea
596 4210 622 4261 p.
641 4196 685 4248 37.

198 4282 219 4352 ⁹)
238 4281 378 4338 D’Orville
396 4282 431 4337 ad
451 4281 628 4338 Charitonem
645 4298 670 4350 p.
691 4284 752 4338 326.

199 4372 220 4442 ³)
240 4372 274 4426 cf.
295 4388 378 4441 supra
395 4389 459 4442 pag.
481 4372 521 4427 18.
538 4393 542 4396 ·
