2946 4852
618 374 835 432 ...37-

259 544 351 630 Quas
366 546 584 628 repetitiones
601 545 659 611 alii
676 564 802 626 qnoque
817 549 937 629 poetae
955 544 1188 615 admittebant.
1214 564 1286 610 con·

172 655 258 720 feras
276 653 437 719 Nicarohi
453 654 594 735 exempli
609 653 735 736 gratia:
765 657 870 728 124,6.
895 657 930 718 et
957 658 1068 729 125‚e:
1096 650 1170 727 τοὺς
1193 660 1286 730 θερο-

172 759 404 837 πευομὲοους.1)

260 1240 425 1324 Quoniam
442 1259 525 1321 quae
547 1238 586 1305 de
603 1238 731 1306 Lucilio
749 1239 1001 1320 exploravimus,
1027 1240 1181 1305 absoluta
1197 1244 1285 1316 sunt,

173 1348 214 1413 ad
237 1348 381 1427 reliquos
405 1355 522 1428 poetas
542 1347 735 1429 transgredi
757 1346 869 1411 liceat.

261 1453 315 1519 Ac
338 1453 475 1535 primum
505 1452 633 1532 quidem
662 1452 702 1516 de
724 1452 922 1517 Nicarcho
953 1451 1107 1517 iudicium
1131 1451 1286 1518 feramus.

176 1581 383 1590 ——--·—

262 1631 283 1698 1)
303 1628 369 1684 Sero
389 1627 515 1698 cognovi,
534 1633 564 1683 et
582 1644 598 1682 a
618 1627 742 1682 Conrado
756 1626 906 1694 Cichorius,
924 1633 1104 1697 praeceptore
1124 1628 1287 1693 clarissimo,

175 1718 283 1786 quidem
314 1717 573 1773 benevolentissime
601 1717 728 1783 edoctus,
761 1717 951 1771 Usenerum
979 1715 1008 1770 in
1038 1715 1189 1771 Annalibus
1219 1719 1288 1770 Aca·

178 1806 282 1862 demiae
296 1805 403 1876 Regiae
416 1806 567 1861 Bavaricae
581 1805 657 1859 1892.
669 1821 691 1859 s.
702 1811 722 1860 t.
755 1805 824 1872 „Ein
837 1805 909 1860 altos
922 1806 1120 1875 Lehrgebaude
1134 1805 1183 1861 der
1195 1805 1286 1860 Philo·

176 1896 274 1966 logie¹¹,
300 1913 326 1964 p.
346 1896 405 1951 644.
426 1911 483 1962 sqq.
504 1895 537 1949 de
556 1894 663 1948 Lucilio
677 1894 776 1964 egisse.
809 1893 877 1947 Cum
896 1894 930 1949 de
942 1893 1049 1948 Lucilio
1069 1895 1218 1961 Tarrhaeo,
1241 1911 1290 1948 no·

176 1985 280 2040 tissime
309 1985 357 2038 illo
379 1984 517 2052 Apollonii
539 1983 640 2038 Rhodii
662 1989 878 2038 commentatore
905 1989 936 2039 et
956 1984 1162 2052 proverbiorum
1190 1984 1288 2038 collec-

175 2083 247 2143 tore,
276 2072 354 2129 cuius
380 2074 570 2128 collectionem
593 2072 622 2127 in
644 2071 756 2127 Zenobii
778 2077 921 2143 παροιμίας
941 2071 1060 2142 {fluxisse
1083 2072 1195 2141 scimus,
1217 2075 1288 2128 eius·

177 2179 224 2231 que
243 2162 441 2232 grammaticae
465 2162 535 2215 artis
553 2161 662 2215 ratione
681 2161 795 2230 egisset,
815 2160 896 2215 dicit:
916 2160 1056 2229 „bukillos
1082 2161 1121 2215 ist
1147 2176 1198 2214 uns
1217 2161 1288 2216 nabe

174 2253 291 2322 gerticlrt
317 2251 402 2306 durch
425 2251 501 2305 scine
520 2249 706 2320 Epigramma,
732 2250 815 2303 deren
834 2249 902 2304 iiber
925 2251 975 2303 120
999 2249 1027 2303 in
1049 2249 1093 2304 die
1118 2249 1289 2318 Anthologia

176 2340 302 2396 Palatina
324 2339 479 2395 Aufnabme
501 2339 639 2408 gesunden
660 2339 774 2393 baben.“
819 2339 978 2406 Quanquam
1001 2338 1127 2394 concedit
1151 2339 1288 2408 epigram·
1394 2349 1397 2356 ·

177 2438 250 2484 mata
268 2429 388 2484 Lucillio
417 2429 524 2483 cuidam
552 2427 679 2495 adscribi,
707 2436 800 2482 tamen
819 2428 941 2481 codicum
967 2427 1072 2481 scribas
1097 2443 1205 2497 semper
1229 2429 1288 2483 lere

174 2516 321 2570 Λουκίλλου
344 2518 461 2572 formam
486 2533 615 2573 exarasse
638 2524 710 2572 teste
726 2504 851 2571 Iacobsio
879 2518 913 2586 (a.
938 2533 980 2586 gr.
1005 2519 1054 2571 lll.
1077 2534 1141 2586 pag.
1166 2517 1288 2571 LXXIX.

176 2609 206 2661 ad
224 2609 272 2664 XI.
292 2609 365 2677 308.)
385 2607 520 2661 adfirmat.
549 2606 626 2673 Quod
645 2607 748 2661 fefellit
766 2607 855 2660 virum
881 2607 991 2660 doctum
1010 2606 1206 2673 testimonium,
1226 2623 1288 2660 nam

175 2697 304 2763 exaravit,
328 2704 360 2750 ut
382 2695 537 2763 docuimus,
560 2696 650 2750 scriba
668 2696 691 2748 B
711 2711 818 2765 semper
836 2696 895 2751 fere
923 2693 1081 2763 Λουκίλλου,
1103 2704 1242 2750 corrector
1268 2695 1289 2748 C

174 2797 267 2840 contra
294 2783 467 2853 Λουκιλλίου;
506 2785 625 2839 Finsleri
658 2785 944 2853 argumentationibus
977 2785 1000 2838 si
1033 2785 1114 2838 fidem
1148 2785 1289 2851 habemus,

175 2874 230 2929 iure
255 2891 287 2929 ac
311 2875 410 2928 merito
435 2882 617 2927 correctorem
643 2873 757 2928 maioris
782 2873 844 2927 fidei
868 2874 1005 2929 hominem
1029 2874 1115 2928 fuisse
1134 2874 1290 2941 credemus3

174 2963 279 3031 itaque,
314 2968 447 3030 quantum
469 2963 505 3016 ad
529 2962 653 3016 codicum
679 2962 838 3017 memoriam
865 2962 984 3030 adtinet,
1013 2960 1173 3014 Λουκιλλίου
1201 2962 1291 3017 forma

176 3053 278 3107 tradita
301 3060 352 3108 est.
394 3052 521 3119 Accedit,
550 3052 621 3118 quod
643 3050 685 3105 bis
710 3051 833 3106 Lucilius
857 3067 886 3106 se
910 3051 999 3120 ipsum
1021 3049 1175 3106 Λουκίλλιος
1198 3052 1290 3120 appel·

174 3139 247 3210 lavit,
266 3139 314 3193 VI,
335 3142 426 3207 1643:
445 3138 600 3194 Λουκίλλιος
618 3135 670 3190 ὦδε
689 3143 827 3211 κέκαρμαι,
851 3146 881 3195 et
897 3141 944 3195 XI.
964 3142 1054 3207 196,3;
1079 3138 1228 3199 Δουκλλλιο,
1247 3144 1290 3191 καὶ

173 3231 331 3293 μουοκοιτιῦ.
377 3231 538 3284 Extremum
567 3229 720 3298 exemplum
748 3246 783 3284 ne
812 3232 964 3285 Usenerum
993 3230 1101 3298 quidem
1129 3231 1212 3300 fugit,
1242 3231 1291 3285 sed
1373 3264 1376 3270 ·

176 3318 334 3374 immutavit
351 3317 395 3373 vir
421 3318 518 3371 doctus
542 3318 626 3371 verba
650 3318 764 3385 tradita,
790 3334 943 3386 quanquam
967 3334 1017 3388 per
1042 3334 1072 3374 se
1096 3318 1198 3387 optime
1222 3318 1290 3373 ferri

174 3412 293 3474 possunt
313 3407 355 3461 in:
374 3404 508 3465 Λουκίλλ,
528 3409 578 3456 atel
596 3408 757 3474 μουοκοιτῶ.
795 3408 870 3474 Quae
889 3408 1047 3463 coniectura
1065 3424 1120 3463 non
1139 3408 1218 3462 modo
1236 3424 1290 3463 non

175 3496 334 3551 necessaria
352 3501 404 3562 est,
433 3496 480 3550 sed
505 3495 590 3550 etiam
609 3496 695 3552 falsa:
723 3512 787 3551 nam
812 3512 872 3551 cum
891 3496 955 3550 Bito
982 3496 1017 3550 ad
1036 3495 1171 3550 Lucilium
1199 3496 1289 3551 dicat:

174 3588 224 3652 εἰμί
243 3585 359 3656 οώφριου
378 3589 421 3635 καὶ
439 3586 602 3652 μουοκοιτῶ,
621 3585 743 3641 Lucilius
763 3585 865 3654 optime
885 3602 945 3641 eam
964 3586 1165 3654 interrumpere
1183 3592 1290 3655 potest:

175 3671 285 3726 αἰδεῖται
311 3672 363 3744 γὰρ
381 3675 450 3732 ίους,
475 3674 616 3744 captivos
633 3677 696 3741 είμί,
719 3673 818 3743 leytsam
845 3675 893 3729 sed
919 3674 943 3729 si
968 3691 1029 3729 cum
1048 3674 1171 3729 Usenero
1196 3674 1290 3729 scribi·
1373 3710 1375 3714 =

174 3778 230 3819 mus
248 3767 301 3814 alal
319 3763 480 3829 provocantem,
506 3763 629 3818 Lucilius
651 3763 742 3820 dicere
766 3780 821 3818 non
839 3769 935 3832 posset
957 3763 1098 3834 παρθένος
1121 3764 1193 3814 ἐστὶν
1217 3766 1290 3836 laag

174 3867 232 3907 uam
251 3853 276 3907 si
289 3867 399 3920 semper
412 3852 472 3906 sola
486 3853 622 3921 cubasset,
640 3852 720 3922 virgo
734 3853 819 3908 etiam
832 3863 921 3921 esset;
941 3869 1002 3908 cum
1022 3860 1118 3908 contra
1132 3851 1291 3909 adfirmaret

177 3939 238 3996 Bito
258 3940 347 3995 solum
365 3940 418 3994 hoc
437 3956 467 3994 se
485 3956 557 3994 nunc
576 3940 664 3995 solam
683 3941 793 4008 cubare,
813 3947 897 3996 antea
916 3958 978 3997 cum
995 3942 1090 3996 multis
1109 3941 1172 3998 aliis
1190 3941 1290 3997 cubare

174 4030 275 4098 potuit,
302 4029 345 4084 ita
369 4034 402 4084 ut
426 4029 505 4100 virgo
531 4029 586 4084 iam
611 4047 666 4085 non
691 4039 773 4086 esset.
812 4031 911 4098 Itaque
942 4047 1038 4087 verum
1064 4038 1164 4101 poetae
1192 4046 1290 4087 nomen

174 4116 324 4174 Λουκίλλιος
341 4118 505 4175 tenebimus.

259 4208 335 4264 Dicit
343 4214 490 4278 praeterea
503 4210 551 4265 U.:
572 4211 646 4279 ,Der
659 4210 914 4279 Epigrammatilrer
924 4211 1003 4282 giebt
1016 4211 1074 4267 sicb
1084 4210 1290 4281 unaweideutig

174 4295 211 4351 als
230 4297 435 4354 Grammatilrer
454 4314 489 4353 zu
509 4300 647 4355 erkennen
666 4300 709 4370 (A.
722 4300 754 4356 P.
767 4301 815 4354 XI.
828 4301 884 4372 10),
903 4301 959 4356 und
978 4301 1291 4371 dieseWehrnehmung
