2946 4852
531 355 747 456 ,13-

170 570 380 651 inquiramus
402 569 507 652 igitur
530 570 566 636 in
588 569 730 636 Luciani
753 569 1004 652 epigrammata.

168 680 210 744 In
233 677 421 744 universum
444 677 473 742 si
497 677 717 758 conspexeris,
749 677 895 743 fortasse
928 675 1018 741 dices
1047 693 1086 739 ea
1110 675 1198 740 baud

77 785 129 849 ita
153 784 254 867 digna
278 802 351 849 esse
376 783 532 858 Lucieno,
563 783 599 849 id
629 783 715 864 quod
745 781 939 863 saepissime
964 779 1094 848 Settins
1123 800 1197 847 con·

77 891 197 957 tendit.
247 892 371 956 Tamen
399 889 471 970 quis
503 895 555 956 est
583 889 639 971 qui
660 889 792 955 nesciat
821 889 984 955 interdum
1018 889 1198 955 dormitare

78 998 182 1063 etiam
213 999 407 1079 Homerum,
438 998 553 1078 itaque
585 995 717 1078 saepius
749 995 852 1062 etiam
882 996 1065 1062 Luciauum
1098 1002 1132 1064 et
1163 998 1197 1064 in

78 1105 214 1187 scriptis
246 1104 376 1185 quidem
406 1105 519 1185 procul
546 1103 644 1169 dubio
667 1103 819 1186 genuinis
850 1102 947 1168 nimis
973 1121 1046 1168 esse
1069 1104 1197 1187 langui·

79 1213 153 1277 dnm
179 1229 314 1292 eumque
342 1211 431 1276 haud
453 1210 504 1277 ita
527 1229 603 1276 raro
634 1210 716 1276 iocis
746 1228 863 1292 parum
894 1209 994 1275 salsis
1024 1209 1198 1276 fastidium

77 1318 250 1384 admodum
279 1315 432 1384 m0vere?
479 1317 544 1384 Sed
566 1335 609 1383 ne
632 1324 769 1394 γλαῦκας
791 1320 833 1392 εἰς
855 1314 988 1396 Ἀθήνας
1018 1316 1106 1382 ferre
1134 1317 1197 1382 tibi

78 1425 210 1501 uidear,
234 1426 364 1505 qualem
387 1425 789 1508 epigrammatograpbum
809 1429 919 1505 poeta,
952 1424 1006 1503 qni
1030 1424 1196 1490 Lucianus

78 1532 194 1610 fertur,
220 1551 292 1598 sese
316 1531 536 1613 praestiterit,
562 1531 742 1612 expediam.

172 1638 424 1721 Epigrammata
438 1638 543 1720 igitur
558 1638 619 1703 illa
634 1637 803 1703 [lucianea
820 1636 1007 1703 sententias
1024 1637 1197 1702 admodum

78 1744 181 1811 tritas
218 1745 375 1812 exhibent
408 1750 443 1810 et
472 1744 577 1826 primo
609 1745 729 1836 obtutu
756 1750 897 1825 apparet
929 1762 1000 1809 cnm
1033 1743 1196 1809 exercita-

79 1853 188 1918 tiones
213 1871 284 1917 esse
307 1851 546 1917 rhetoricarum
570 1842 764 1930 scholarum,
788 1852 822 1916 in
846 1851 962 1931 quibus
982 1850 1062 1915 illae
1078 1853 1196 1916 breves

80 1959 258 2041 praecipue
281 1963 408 2040 septem
432 1958 632 2040 sapientium
649 1958 838 2024 sententiae
861 1956 894 2023 in
910 1959 1044 2023 brevem
1069 1963 1103 2022 et
1120 1977 1196 2024 acu·

80 2074 151 2132 tam
182 2064 321 2130 formam
343 2065 516 2131 metricam
546 2064 654 2147 redigi
685 2066 838 2131 solebant
861 2102 904 2111 —
928 2070 963 2129 et
995 2065 1198 2147 epigramma

81 2172 257 2254 aptissima
281 2178 355 2237 erat
371 2170 476 2236 forma
492 2171 586 2237 hisce
610 2171 904 2237 exercitationibus
920 2208 974 2254 -,
998 2175 1069 2236 tum
1090 2173 1199 2239 omnia

80 2280 140 2345 illa
156 2279 398 2362 epigrammata
421 2281 464 2343 ab
487 2298 551 2345 nno
577 2279 753 2359 eodemque
776 2282 876 2360 poeta
900 2278 1090 2360 conscripta
1113 2297 1197 2344 esse.

81 2387 149 2452 Per
173 2404 209 2451 se
239 2384 418 2452 verisimile
440 2404 506 2451 non
529 2391 583 2452 est
607 2390 762 2452 servatas
790 2404 863 2451 esse
887 2385 964 2450 illas
992 2385 1196 2466 quisquilias,

80 2493 147 2560 nisi
182 2499 323 2558 ornatae
357 2492 500 2558 fuissent
534 2493 691 2558 lemmate
726 2497 795 2557 tam
830 2492 1017 2573 praeclaro,
1058 2492 1200 2558 Luciani

10 2583 13 2591 ’
81 2599 330 2668 samosatensis
353 2599 494 2666 nomine.

170 2707 240 2771 lam
280 2706 412 2789 singula
453 2706 709 2787 contemplemur
748 2705 1005 2787 epigrammataz
1063 2705 1110 2770 X.
1147 2709 1197 2770 26.

80 2812 328 2879 commendatur
344 2813 583 2895 epigrammate
604 2811 778 2895 αὐτάρκεια,
803 2812 951 2877 omnibns
975 2831 1081 2894 paene
1098 2812 1199 2894 scrip-

82 2920 211 2986 toribus
241 2920 489 3001 praeeuntibus3
527 2923 689 2984 memento
719 2919 882 2984 Isocratis
892 2917 918 3002 ¹)
957 2919 997 2984 de
1027 2918 1201 2983 Demonici

81 3032 194 3108 patre:
218 3023 352 3089 ἀπέλαυε
366 3030 424 3100 μὲν
444 3034 511 3088 τῶν
532 3027 703 3106 παρόντων
727 3025 859 3103 ἀγαθῶν
882 3023 926 3099 ὥς
947 3023 1073 3104 θνητὸς,
1098 3026 1200 3099 ἐπεμε-

81 3141 165 3195 λεῖτο
189 3136 222 3195 δὲ
246 3136 311 3195 τῶν
333 3131 545 3212 ὑπαρχόντων
568 3132 613 3208 (ὃς
632 3132 801 3208 ἀθάνατος,
826 3152 922 3213 quam
945 3133 1147 3198 sententiam
1163 3138 1201 3197 ut

81 3240 259 3306 Menandri
280 3239 386 3306 refert
408 3240 619 3326 Ausonius2).
707 3277 710 3282 ·

171 3347 222 3412 Re
245 3345 355 3413 fruere
378 3352 416 3412 ut
438 3353 539 3413 natus
562 3347 728 3412 mortalis:
752 3346 854 3429 dilige
878 3345 936 3411 sed
957 3364 1025 3410 rem

172 3453 342 3533 Tanquam
366 3454 572 3519 immortalis.
621 3453 700 3521 Sors
729 3460 781 3519 est
811 3453 846 3518 in
875 3459 1013 3533 utroque
1045 3453 1199 3519 verenda.

172 3560 218 3623 X.
237 3565 285 3623 27,
309 3560 515 3641 praeclaram
532 3561 600 3626 eius
618 3558 958 3639 sententiam'Pheoss)
976 3560 1113 3625 Pittaco
1130 3559 1200 3640 My·

82 3666 228 3732 tilenaeo
252 3666 379 3746 tribuit,
411 3667 580 3750 Diogenes
609 3666 800 3753 Laertius4)
824 3672 936 3731 autem
968 3666 1113 3746 Thaleti,
1093 3665 1201 3745 iqui

82 3773 309 3855 intemogatus
340 3777 367 3834 εἰ
394 3772 487 3852 λήθοι
518 3772 613 3887 θεοὺς
643 3770 776 3848 ἀδικῶν,
808 3771 994 3854 respondit:
1027 3768 1093 3833 ἀλλ’
1128 3770 1201 3833 οὐδὲ

84 3879 319 3953 διανοούμενος

217 4055 252 4108 ad
271 4055 409 4110 Demonic.
429 4070 451 4111 c.
471 4056 497 4109 3.

176 4055 305 4212 l.

175 4233 299 4392 :3
216 4234 422 4303 Progymnasm
441 4234 474 4288 V.
