2946 4852
629 400 893 459 -73-‘

173 569 337 649 χάνοντας
355 571 542 647 δυνάμενον.
572 569 659 635 ’Ἐστι
682 576 715 636 δὲ
738 567 834 647 οὗτος
857 570 958 637 dcciv
978 575 1179 651 ἐπιτυμθίων,
1201 573 1303 656 ἀρχὴν

174 677 265 756 ἔχων
292 677 426 743 τοιάνδε.
474 677 546 762 Quo
574 678 671 745 initio
699 679 822 761 optime
851 682 1084 763 comprobatur
1110 682 1216 765 ipsum
1240 682 1301 750 Oe-

175 785 318 867 phalam
338 784 639 868 suprascriptiones
661 785 739 852 illas
755 787 986 870 composuisse,
1011 808 1088 854 nam
1103 789 1138 855 in
1153 790 1303 874 margine

176 890 240 958 illo
283 891 355 959 loco
392 892 552 975 scriptum
589 893 752 959 videmus:
793 890 873 973 ἀρχὴ
912 903 977 958 τῶν
1015 897 1207 972 ἐπιτυμβίων
1241 899 1302 960 ἐπι-

175 999 385 1078 γραμμάτων,
418 993 465 1062 ὦν
488 1001 662 1077 έσχεδίασεν
687 999 705 1063 ὃ
728 999 817 1080 κύρις
840 1010 1084 1078 Κωνσταντῖνος
1106 1001 1125 1066 ὁ
1149 1011 1302 1081 Κεφαλᾶς,

176 1103 196 1168 δ
221 1104 378 1185 μακάριος
399 1110 452 1169 καλ
474 1105 657 1185 ἀείμνηστος
679 1111 730 1169 καί
752 1108 946 1187 τριπόθητος
962 1108 1154 1189 ἀνθρώπων.
1193 1111 1303 1194 Caput

174 1231 304 1279 nonum
337 1212 387 1279 sic
419 1212 635 1296 inauguravit
665 1214 848 1295 Cephalus:
885 1214 965 1295 ἀρχὴ
995 1219 1062 1279 τῶν
1091 1218 1304 1281 ἐπιδεικτικῶν

173 1318 434 1399 ἐπιγραμμάτων.
479 1318 559 1383 Οὐδὲ
583 1335 649 1394 τοῖς
670 1328 815 1394 παλαιοῖς
839 1320 893 1407 (cf.
918 1341 989 1403 cap.
1014 1324 1082 1389 XI.
1107 1327 1172 1387 τῶν
1194 1332 1303 1386 παλαι-

175 1434 230 1490 ῶν
246 1475 254 1489 .
273 1474 282 1489 .
300 1432 342 1504 ..)
359 1423 506 1506 ἠμέληται
528 1424 567 1489 τὸ
590 1424 793 1490 ἐπιδεικτικὸν
809 1429 907 1505 γένος,
934 1426 1000 1491 ἀλλ’
1021 1429 1084 1491 ἐστι
1107 1435 1158 1493 καί
1180 1431 1214 1493 ἐν
1236 1445 1305 1506 τοῖς

174 1531 412 1613 ἐπιγράμμασιν
443 1531 545 1612 εὑρεῖν
571 1539 622 1595 καί
653 1533 813 1614 ἑρμηνείας
843 1535 995 1612 ἐπίδειξις,
1027 1541 1079 1597 καί
1109 1537 1304 1616 πραγμάτων

174 1643 365 1719 γενομένων
387 1636 489 1714 δντως
510 1638 528 1719 ἢ
553 1639 596 1714 ως
619 1643 798 1718 γενομένων
822 1638 985 1720 άφὴγησις;
1011 1642 1113 1725 capiti
1137 1644 1184 1709 X.
1209 1645 1303 1711 vides

173 1747 381 1832 praeposita
394 1749 511 1814 verba:
537 1744 616 1826 άρχὴ
640 1756 706 1810 τῶν
721 1756 968 1826 προτρεπτικῶν.
1001 1746 1080 1811 Ου’δε
1097 1744 1191 1825 οὗτος
1205 1753 1302 1835 ξένος,

159 1839 242 1918 ὀἶδ’
260 1850 320 1930 ὅτι,
345 1862 411 1918 τῶν
426 1854 653 1935 ῥηθησομένων
667 1853 912 1932 ἐπιγραμμάτων
935 1851 953 1916 ὁ
976 1854 1110 1934 τρόπος,
1136 1864 1231 1919 τοῦτο
1254 1862 1304 1919 καλ

172 1965 248 2025 τῶν
270 1964 416 2026 παλαιῶν
444 1961 499 2041 (cf.
523 1962 589 2028 XI.
615 1960 697 2045 IX.)
722 1962 1009 2041 ἐπισημαινομὲνων
1031 1963 1206 2037 πολλάκις·
1226 1987 1303 2044 προ·

114 2076 118 2083 “
172 2067 330 2149 τρεπτικά
353 2071 386 2131 δέ
406 2070 464 2131 τοῦ
483 2070 639 2148 πρακτέου
661 2082 730 2143 τοῖς
744 2068 991 2146 ἐντυγχάνουσιν
1008 2070 1091 2151 (cap.
1104 2071 1198 2150 VH.)
1215 2067 1303 2145 ὄντα,

173 2175 219 2240 οὐ
244 2177 360 2255 τέρψιν
381 2172 493 2254 μάνην,
523 2172 675 2238 hiltisnot
699 2171 814 2251 ὄφελος
836 2171 876 2236 οὐ
898 2173 1013 2254 μικρὸν
1035 2175 1109 2252 ἔχει,
1139 2177 1250 2255 καιρόν
1273 2200 1304 2240 τε

173 2287 234 2346 καί
257 2282 362 2345 τόπον
383 2286 435 2345 καί
458 2286 572 2360 πρᾶξιν
595 2280 807 2360 δωηγοάμενα.
856 2283 986 2346 Musam
1010 2291 1122 2347 autem
1145 2283 1304 2365 puerilem

173 2390 278 2456 hisce
294 2389 406 2457 verbis
421 2387 590 2471 Cephalus
612 2389 798 2455 incohavit:
822 2393 873 2451 καί
896 2394 941 2462 τίς
964 2386 1004 2450 ἂν
1026 2390 1101 2468 εἴην,
1125 2389 1304 2454 σπάνιον

172 2514 229 2560 σοι
253 2502 325 2558 τῶν
347 2497 518 2574 εἰρημένων
540 2494 597 2574 τὴν
620 2497 738 2572 γνῶσιν
759 2495 925 2569 ἐκθέμενος
952 2493 1009 2573 τὴν
1033 2495 1225 2574 Στράτωνος
1248 2505 1305 2559 τοῦ

172 2605 367 2682 Σαρδιανοῦ
393 2600 538 2680 παιδικὴν
565 2604 689 2675 μοῦσαν
717 2598 958 2680 άπεκρυψάμην,
990 2598 1029 2680 ἣν
1056 2600 1151 2676 αὐτὸς
1181 2607 1305 2681 παίζων

172 2707 262 2791 πρὸς
285 2707 363 2783 τοὺς
383 2714 516 2787 πλησίον
539 2707 749 2783 ἀπεδείκνυτο,
774 2710 884 2787 τέρψιν
909 2712 1023 2770 οίκείαν
1043 2707 1098 2787 τὴν
1115 2708 1304 2786 ἀπαγγελίαν

173 2820 248 2881 τῶν
275 2814 529 2895 ἐπιγραμμάτων,
559 2812 598 2878 οὐ
626 2814 684 2878 τὸν
711 2817 799 2889 νοῦν,
829 2815 1027 2889 ποιούμενος.
1071 2811 1168 2894 'Exco
1197 2823 1305 2880 τοίνυν

173 2927 251 2988 τῶν
276 2922 349 3001 ἑξῆς
364 2945 372 2959 ·
388 2923 423 2985 ἐν
449 2927 584 3002 χορείαις
606 2920 666 3002 γάρ
691 2915 709 3002 ἦ
732 2946 765 3000 γε
789 2923 939 3001 σώφρων,
964 2920 1043 2984 κατά
1067 2921 1123 2986 τὸν
1146 2925 1302 3003 τραγικόν,

175 3029 220 3094 οὐ
246 3026 503 3110 διαφθαρήσεται.

271 3137 430 3219 Adparet
451 3155 550 3204 nuum
572 3136 632 3202 illa
652 3135 761 3200 omnia
778 3135 952 3216 scripsisse
968 3133 1161 3217 Cephalam,
1186 3136 1304 3219 quippe

175 3264 257 3313 cnm
284 3260 416 3325 semper
441 3242 477 3309 in
503 3241 568 3307 fine
596 3241 846 3308 adnotationum
876 3243 1010 3308 brevem
1039 3242 1303 3326 explicationem,

174 3351 354 3419 interdum
374 3350 633 3431 paraeneticam,
659 3348 794 3414 adnecti
816 3348 996 3414 videamus.

271 3457 350 3523 Iam
376 3456 550 3538 primarios
581 3455 692 3522 fontes
716 3461 900 3521 ceterorum
925 3456 1070 3536 capitum
1093 3458 1156 3522 hoc
1179 3474 1305 3537 qnoque

174 3564 297 3632 libello
322 3561 557 3643 quaerentibus
581 3582 601 3626 a
618 3562 781 3646 Meleagri
796 3580 936 3627 coronae
952 3562 1117 3644 poematis
1133 3562 1304 3628 undecimo

176 3671 297 3756 capite
331 3669 477 3738 servatis
507 3668 676 3750 capiamus
708 3668 885 3734 exordium.
941 3668 1026 3735 Sunt
1058 3675 1169 3735 autem
1204 3670 1301 3734 haec:

270 3778 343 3844 XI.
370 3781 419 3840 12.
442 3774 572 3841 Alcaei.

274 3886 351 3948 123.
379 3881 513 3965 Hedyli.

274 3995 351 4056 158.
375 3987 562 4070 Antipatri.
580 3987 737 4071 (fortasse
761 3987 1069 4055 Thessalonicensis
1092 4006 1134 4051 ex
1158 3988 1303 4071 Philippi

174 4096 332 4182 corona).

272 4210 349 4270 195.
372 4201 588 4269 Dioscoridis.

270 4316 350 4376 218.
377 4308 538 4376 Cratetis.
