2946 4852
620 452 835 508 ..18-

263 664 337 722 330.
362 658 452 723 Pub:
472 642 569 757 voco}
874 659 976 724 Plan:
1014 665 1193 721 somnos.

261 823 335 882 372.
401 865 415 892 „
475 815 536 894 ἄγα
546 800 660 915 91·σᾷ
920 866 934 892 ,,
1019 826 1198 881 immeo.

261 961 322 1034 Eu,
346 960 441 1026 vides
463 960 554 1025 inter
575 979 698 1042 paucos
720 968 853 1037 tautum
875 967 994 1042 poetas
1016 961 1108 1026 aliud
1122 963 1285 1028 traditum

173 1087 257 1133 esse.
311 1068 378 1132 Pro
410 1072 502 1131 certo
537 1067 705 1132 adfirmari
734 1073 861 1149 potest,
892 1068 959 1132 IX.
991 1073 1066 1132 573.
1112 1069 1289 1135 Ammiano

173 1174 382 1241 tribuendum
405 1191 494 1254 esse,
525 1182 596 1238 tum
619 1173 686 1238 XI.
715 1180 767 1236 95.
814 1174 965 1254 Lucillio‚
997 1174 1078 1239 item
1112 1181 1184 1237 142.
1212 1183 1289 1258 1553

172 1281 337 1347 Palladae
355 1285 428 1342 281.
447 1283 521 1342 282.
547 1285 622 1343 293.
648 1285 722 1343 294.
740 1285 831 1358 2954
853 1279 996 1345 Lucillio
1011 1285 1100 1358 310.;
1123 1281 1290 1348 Nicarcbo

174 1393 264 1462 330.;
281 1385 454 1468 Agathino
471 1391 545 1449 312.
582 1385 671 1452 Solis
686 1387 723 1451 in
736 1387 905 1452 lemmatis
921 1392 993 1450 186.
1009 1393 1046 1451 61
1064 1394 1137 1452 181.
1153 1389 1289 1466 boere03

175 1514 247 1560 cum
270 1494 446 1574 isopsepba
469 1512 534 1559 non
558 1493 636 1574 sint,
661 1495 894 1574 Leonidasque
923 1493 990 1558 uisi
1018 1494 1195 1576 isopsepha
1225 1514 1292 1561 non

175 1600 423 1681 conscripserit,
455 1600 565 1681 potius
596 1601 738 1665 Lucillio
766 1621 864 1681 quom
886 1599 1057 1665 Leonidae
1087 1603 1290 1684 epigramma

178 1714 251 1771 187.
275 1707 434 1786 tribuam,
462 1726 567 1787 neque
597 1707 680 1772 adeo
704 1708 814 1773 audax
844 1713 897 1772 est
927 1707 1117 1772 coniectura
1152 1707 1291 1773 confusa

175 1833 250 1880 esse
271 1813 417 1879 nomina:
442 1818 663 1877 ΛΕΩΛΊΔΟΓ
682 1820 716 1880 et
739 1820 991 1878 AOFMAAOV.
1037 1815 1131 1880 Idem
1146 1815 1291 1880 sentium

173 1923 215 1987 de
237 1921 394 1985 lemmate
418 1925 493 1984 214.

266 2026 430 2091 Palladae
461 2031 497 2092 et
524 2026 660 2099 Lucillii
688 2027 821 2092 uomina
852 2026 988 2092 confuse
1019 2045 1092 2093 esse
1124 2047 1188 2093 uon
1217 2046 1291 2093 con-

173 2134 318 2213 tendam,
343 2133 404 2197 sed
431 2139 658 2196 TOFAFTOV

363 2246 398 2304 et
421 2246 666 2304 dominor

176 2346 276 2412 facile
291 2346 460 2411 immutari
482 2350 670 2428 potuerunt.
709 2345 863 2411 Ceterum
888 2349 963 2411 330.
987 2353 1023 2412 61
1048 2353 1121 2409 312.
1146 2345 1292 2413 fortasse

177 2453 226 2518 sic
252 2453 438 2535 explicatur
469 2453 632 2518 excidisse
656 2453 776 2517 lemma
803 2453 839 2516 in
866 2453 1047 2535 archetypo
1074 2452 1292 2534 librariosque

178 2559 312 2625 nomina
334 2564 506 2641 poetarum
529 2559 719 2624 coniectura
741 2559 940 2624 restituisse.

267 2664 423 2731 Carmina
452 2684 523 2730 cum
552 2665 675 2746 duplici
701 2666 857 2730 lemmate
889 2665 952 2729 duo
979 2670 1111 2730 tantum
1142 2672 1293 2732 exstant:

265 2775 306 2840 V.
332 2778 388 2835 68:
425 2775 566 2833 iovmiii
596 2775 626 2833 oi
654 2775 687 2833 δὲ
714 2775 899 2846 πολέμωνος
931 2774 989 2833 τοῦ
1014 2775 1166 2834 ,10111κοῦ
1194 2772 1295 2838 Pala·

176 2880 277 2960 tinuS,
301 2878 417 2943 eadem
439 2897 548 2943 manu.

265 2990 437 3047 λουκίλλου
463 2985 640 3049 Planudes.

176 3093 217 3158 de
240 3110 303 3172 quo
326 3091 482 3157 iudicium
504 3090 586 3156 ferri
613 3110 679 3156 nou
707 3096 833 3172 potest,
867 3109 940 3156 cum
968 3092 1068 3174 plane
1096 3092 1294 3174 ignoremus,

177 3199 250 3280 quis
273 3199 319 3263 sit
342 3198 401 3263 ille
416 3198 551 3263 Polemo
568 3197 743 3278 Ponticus;
767 3197 914 3263 fortasse
937 3199 1025 3263 idem
1045 3204 1145 3278 atque
1160 3199 1295 3267 Polemo

176 3305 346 3380 Basileus,
383 3322 478 3383 quem
509 3304 910 3387 epigrammatographum
942 3305 1045 3371 fuisse
1075 3305 1224 3371 videmus
1255 3326 1298 3372 ex

176 3412 243 3477 IX.
269 3415 344 3473 746.
370 3416 406 3476 et
427 3411 495 3476 ΧΙ.
521 3416 573 3474 38.
606 3415 641 3476 61
672 3430 767 3490 quem
797 3411 946 3495 Philippi
976 3430 1116 3478 coronae
1148 3414 1295 3480 additum

176 3518 281 3584 fuisse
309 3517 542 3599 suspicandum
570 3524 634 3584 est.
680 3518 747 3584 Sed
779 3524 858 3585 suut
888 3521 999 3602 plures
1027 3519 1161 3586 Pontici
1188 3541 1296 3604 reges,

178 3625 219 3690 de
250 3624 366 3705 quibus
393 3625 556 3690 uberrime
584 3625 709 3690 amicus
735 3626 899 3693 Rudolfus
926 3627 1063 3710 Heunig
1090 3627 1295 3712 disseruit¹);

177 3732 235 3797 ille
258 3750 357 3796 unum
380 3731 535 3814 Augusto
559 3732 755 3814 imperante,
779 3732 922 3798 alterum
944 3732 1083 3799 Claudio
1107 3740 1143 3800 61
1163 3735 1296 3800 Nerone

176 3837 432 3920 imperatoribus
467 3839 568 3904 Ponti
601 3858 740 3922 regnum
775 3838 957 3905 obtinuisse
992 3838 1103 3906 evicit.
1156 3839 1223 3907 Sed
1256 3859 1297 3906 ex

176 3944 381 4010 brevissimis
400 3944 477 4010 istis
499 3944 697 4028 fragmentis
718 3954 845 4011 certum
866 3946 1021 4013 iudicium
1042 3946 1191 4029 proferre
1220 3949 1294 4013 ebs·

176 4049 277 4116 tineo.

269 4279 290 4350 ²)
310 4277 457 4347 Symbolue
480 4278 516 4334 od
534 4279 619 4334 Asiae
641 4279 755 4335 minoris
780 4295 864 4350 reges
887 4281 1046 4337 secerdotes
1067 4282 1296 4351 Polemonomquo

178 4368 201 4423 1.
221 4367 303 4423 Ponti
321 4383 425 4438 regem.
462 4367 536 4438 Lips.
557 4369 634 4424 1893.
