2946 4852
569 411 788 469 ...22-

122 583 188 649 XI.
232 588 303 648 140.
345 581 557 649 acerbissime
593 584 789 650 Homericos
829 591 864 650 et
897 585 1136 652 Aristarcheos
1171 608 1240 670 per·

122 689 273 773 stringit:

211 794 333 870 τούτοις
356 793 393 874 δὴ
417 795 503 875 παρὰ
526 800 656 860 δεῖπνον
683 796 892 875 concoctique,
917 801 1127 877 λογολὲοχαις,

276 918 344 978 τοῖς
367 899 418 966 ἀπ’
444 899 642 982 Ἀριστάρχου
666 911 998 984 γραμματολικριφίσιν
1015 953 1111 969 .....

210 1010 364 1093 Apparet
378 1008 482 1092 igitur
499 1028 571 1075 cum
589 1008 849 1077 Callimacheum
866 1011 975 1079 fuisse.
1009 1012 1075 1080 Sed
1089 1013 1239 1081 videmus

121 1136 163 1184 er
186 1119 246 1184 hoc
269 1118 524 1200 epigrammate,
557 1136 622 1196 qua
644 1117 856 1184 vehementia
884 1118 975 1185 hisce
1008 1138 1135 1200 quoque
1158 1125 1240 1187 tem·

121 1224 252 1306 poribus
277 1228 442 1290 certatum
466 1223 513 1289 sit
537 1223 627 1288 inter
650 1225 898 1306 grammaticos,

213 1331 356 1397 Accedit
380 1330 465 1410 quod
493 1329 527 1395 in
551 1329 678 1395 deliciis
702 1331 805 1396 habet
828 1332 999 1405 Lucillius,
1029 1351 1145 1398 versus
1169 1334 1239 1399 Ho-

124 1437 262 1503 mericos
290 1436 446 1518 parodica
470 1436 675 1516 detorquere,
705 1436 739 1502 id
763 1439 846 1517 quod
870 1438 1056 1504 rectissime
1079 1440 1239 1523 Engelius

121 1545 188 1610 iam
203 1544 373 1626 perspexit
389 1549 424 1609 et
440 1562 501 1626 ego
525 1543 655 1624 quidem
680 1543 745 1608 alio
769 1545 840 1608 loco
865 1564 1045 1629 coarguere
1069 1565 1120 1612 me
1142 1566 1240 1628 posse

122 1670 227 1733 spero.

211 1758 294 1823 Eum
311 1757 495 1821 Romanum
512 1754 613 1820 fuisse
638 1756 740 1821 etiam
765 1756 910 1823 carmine
935 1764 1041 1840 255‚6.
1058 1760 1238 1826 evincitur:

210 1862 371 1938 Ῥωμαίοις
394 1860 421 1925 d’
448 1859 549 1936 οὐδεὶς
571 1861 651 1942 πρὸς
675 1863 826 1942 γεράνους
849 1863 994 1938 πόλεμος.

209 1970 317 2036 Rufus
349 1969 585 2052 grammaticus
617 1970 705 2034 sitne
736 1971 823 2035 idern
852 1977 953 2051 atque
982 1971 1026 2052 ia,
1060 1973 1116 2052 qui
1139 1992 1161 2038 a
1184 1974 1239 2038 Iu·

122 2078 272 2160 venale1)
295 2095 361 2142 una
385 2095 455 2142 oum
481 2075 556 2141 aliis
580 2075 826 2158 perstringitur,
853 2078 1000 2158 equidem
1026 2079 1147 2144 nescio.

212 2183 373 2268 Quoniam
404 2200 489 2263 quae
522 2201 563 2248 ex
595 2182 845 2264 epigrammatis
877 2184 953 2249 elici
984 2191 1152 2265 poterant,
1185 2205 1239 2251 ex-

123 2292 316 2373 cerpsimus,
349 2307 543 2370 quaeremus
570 2288 760 2368 Lucillium,
792 2292 848 2370 qui
880 2296 996 2356 auctor
1027 2292 1142 2356 horum
1174 2293 1239 2374 epi·

124 2403 343 2482 grammaton
374 2414 447 2461 esse
477 2399 600 2477 potest.
651 2396 705 2462 Ac
734 2396 925 2478 priusquam
956 2416 1010 2473 ea,
1043 2416 1127 2478 quae
1156 2397 1239 2464 Otto

123 2502 331 2587 Rossbach2)
355 2503 521 2580 disseruit,
553 2503 710 2586 legeram,
736 2503 802 2568 iam
827 2509 928 2569 antea
944 2503 1023 2569 mihi
1042 2504 1077 2569 in
1096 2510 1241 2570 mentem

122 2617 262 2678 venerat
286 2609 323 2676 O.
345 2608 465 2675 Lucilii
488 2607 642 2688 Iunioria
669 2609 707 2673 L.
730 2609 863 2675 Annaei
884 2609 1032 2676 Senecae
1054 2611 1241 2693 philosophi

124 2717 324 2790 amicissimi,
358 2717 400 2781 ad
427 2734 522 2797 quem
550 2715 606 2780 ille
636 2716 770 2797 scripsit
793 2717 1009 2798 Dialogorum
1030 2717 1149 2782 librum
1174 2717 1240 2799 pri·

123 2845 219 2900 mum,
242 2823 456 2889 Naturalium
486 2821 724 2906 Quaestionum
749 2823 850 2888 libros
878 2825 1085 2904 moralesque
1116 2824 1240 2905 epistu-

123 2932 182 2998 las.
230 2930 329 2997 Cuius
357 2931 461 2997 vitam
494 2929 523 2994 si
555 2948 626 2994 cum
659 2929 1018 3013 epigrammatographi
1049 2930 1124 2997 vita
1156 2948 1241 2996 com·

123 3037 360 3120 paraverimus,
392 3035 500 3101 omnia
523 3035 613 3101 inter
638 3055 673 3101 se
698 3054 878 3118 congruere
904 3037 1119 3102 inveniemus.
1168 3036 1241 3103 Ori·

123 3146 229 3212 undus
249 3151 324 3211 erat
348 3144 494 3211 Senecae
518 3143 643 3209 amicus
663 3142 830 3224 Pompeiis
855 3148 914 3208 aut
928 3143 1086 3224 Neapoli;
1102 3144 1241 3226 „Seneca

123 3258 206 3318 natu
229 3251 385 3316 minorem
415 3249 520 3315 fuisse
552 3255 701 3316 testatur
725 3269 774 3332 ep.
800 3255 889 3324 26,7;
921 3249 1007 3314 idem
1039 3250 1241 3332 ignobilibus

125 3359 190 3424 luit
213 3358 383 3425 natalibus
408 3356 471 3442 (ep.
497 3356 611 3442 44,1.).
657 3358 710 3423 De
741 3376 801 3423 sua
825 3358 999 3422 iuventute
1030 3356 1109 3422 audi
1134 3357 1241 3439 ipsum

123 3464 298 3531 Lucillium
327 3463 414 3544 apud
437 3463 614 3530 Senecam:
642 3464 725 3528 Nat.
750 3483 803 3544 qu.
828 3464 888 3530 IV.
911 3462 1018 3545 praei.
1046 3471 1094 3526 14.
1142 3464 1241 3530 Post-

124 3588 219 3652 quam
249 3588 321 3636 eum
344 3565 390 3635 ‘in
421 3570 563 3636 medium
594 3570 734 3651 protulit
758 3570 884 3653 ingenii
907 3571 1010 3653 vigor,
1043 3571 1241 3653 scriptorum

125 3676 305 3758 elegantia,
330 3675 442 3741 clarae
466 3682 501 3741 et
525 3676 651 3742 nobiles
673 3676 854 3758 amicitiae,
880 3678 962 3744 adeo
984 3684 1021 3744 ut
1046 3678 1155 3742 latere
1176 3695 1241 3742 non

124 3781 247 3866 posset'
284 3783 356 3864 (Ep.
391 3789 441 3858 19,
456 3789 484 3849 3.
498 3784 552 3868 4.)‚
587 3788 621 3850 et
652 3790 827 3865 postquam
858 3781 1033 3850 <natalium
1065 3783 1241 3867 angustias

125 3891 292 3956 eluctatus
316 3889 378 3954 est'
403 3890 456 3971 (N.
478 3909 528 3970 qu.
550 3891 610 3956 IV.
632 3910 679 3971 pr.
704 3892 780 3971 nb),
810 3910 830 3956 a
854 3891 985 3956 Nerone
1008 3890 1240 3972 procuratione

125 3996 260 4065 Siciliae
291 4002 428 4062 umatus
459 4003 494 4061 et
518 4015 618 4076 eques
641 3998 812 4061 Romanus
844 4015 904 4062 sua
935 3997 1100 4062 industria
1127 3995 1240 4065 factus

125 4111 188 4170 est.
224 4104 297 4168 Iam
321 4103 490 4185 intelliges
515 4103 765 4186 epigrammatis
780 4104 846 4167 IX.
865 4109 977 4178 aluo:
1001 4102 1122 4179 χαλκὸν
1144 4102 1240 4166 ἔδωκε

216 4263 237 4326 ¹)
256 4260 318 4315 Vll.
339 4262 397 4314 213.
415 4275 472 4326 sqq.

215 4348 237 4417 ²)
255 4349 290 4404 cf.
308 4364 371 4418 pag.
392 4349 434 4402 19.
453 4348 513 4402 adn.
532 4351 558 4403 S.
