2946 4852
732 425 945 483 -64..

283 600 392 682 pulum
408 598 614 666 lemmatista
628 603 785 665 testatur.
824 597 1002 679 Excerpsit
1027 597 1133 681 igitur
1154 596 1241 663 sexti
1265 602 1398 663 tantum

283 708 408 773 saeculi
440 711 558 788 poetas
595 724 657 771 uno
697 706 767 771 solo
798 709 937 787 excepto
962 703 1047 787 Cyro
1078 704 1303 787 expraefecto,
1342 702 1399 784 qui

283 814 396 896 quinto
420 814 552 879 saeculo
577 817 718 878 exeunte
733 812 883 878 florebat.
918 812 1035 877 Facile
1050 816 1162 877 autem
1185 809 1396 894 intelligitur,

283 920 519 1004 curAgathias
534 919 625 986 illum
640 919 818 1001 receperit3
834 919 1030 1001 pater-enim
1041 923 1118 985 erat
1128 917 1232 983 Pauli
1242 916 1397 985 Silentia

281 1027 332 1110 rii,
351 1028 441 1094 cuius
459 1027 701 1110 epigrammata
712 1025 854 1108 plurima
865 1025 900 1091 in
917 1025 1088 1108 Agathiae
1105 1024 1242 1108 chlum
1253 1022 1397 1090 transie-

282 1140 369 1201 runt.
379 1136 501 1215 Itaque
513 1153 555 1200 ne
564 1134 681 1200 credas
689 1133 851 1198 Palladae
861 1151 986 1213 quoque
998 1132 1240 1216 epigrammata
1252 1132 1294 1196 ab
1304 1131 1397 1212 Aga·

282 1240 356 1307 thia
368 1259 442 1307 esse
458 1245 626 1323 excerpta,
647 1259 832 1321 quanquam
843 1239 1008 1305 interdum
1020 1238 1333 1322 interAgathianos
1345 1255 1397 1301 re

282 1348 464 1429 pariuntur3
496 1347 583 1414 vixit
615 1347 699 1413 enim
729 1353 846 1428 quarto
877 1347 1010 1412 saeculo
1042 1352 1185 1412 exeunte
1215 1351 1250 1411 et
1281 1344 1396 1425 quinto

281 1452 450 1536 incunte¹)
479 1458 515 1519 et
535 1454 676 1532 accedit,
702 1452 787 1534 qnod
803 1452 1021 1519 certissimum
1038 1452 1216 1536 singularis
1232 1451 1397 1517 Palladae

284 1559 487 1626 collectionis
511 1559 738 1627 testimonium
759 1561 919 1625 habemus
943 1559 1066 1625 scholio
1091 1561 1134 1625 ad
1157 1560 1295 1625 Anthol.
1320 1558 1395 1622 Pal.

282 1666 361 1734 VII.
381 1671 459 1732 339:
484 1661 602 1744 ἄδηλον
625 1666 673 1728 ἐπὶ
696 1671 757 1727 τίνι
779 1668 873 1729 τοῦτο
897 1667 1072 1746 γέγραπται,
1097 1666 1180 1746 πλὴν
1202 1662 1251 1730 ὅτι
1274 1666 1308 1728 ἐν
1330 1679 1398 1738 τοῖς

282 1775 339 1836 τοῦ
362 1777 514 1836 Παλλαὸᾶ
537 1773 766 1859 Ιἐπιγράμμασιν
798 1772 918 1853 εὑρέθη.
964 1774 1107 1842 Videtur
1136 1774 1208 1856 ipse
1233 1771 1397 1838 Constan-

280 1879 370 1944 tinus
395 1880 563 1960 Oephalas
585 1879 678 1945 illam
702 1879 864 1946 adiecisse
886 1881 1073 1962 notulam.²)

757 2391 764 2405 .
816 2394 856 2458 Β.

522 2546 527 2557 ·
565 2501 623 2566 De
645 2499 783 2567 Rufini
807 2498 1113 2584 epigrammatis.

369 2623 519 2689 Priorem
544 2623 666 2706 capitis
689 2625 796 2705 quinti
818 2623 1045 2708 Anthologiae
1061 2625 1241 2691 Palatinae
1264 2629 1397 2707 partem

246 2738 248 2740 ’
282 2730 496 2814 (2.-103.)³)
513 2749 646 2812 prorsus
668 2731 768 2797 aliam
784 2732 944 2813 praebere
967 2731 1109 2813 speciem
1133 2737 1234 2812 atque
1249 2731 1397 2811 reliquas

282 2835 494 2918 Cephalanae
527 2836 731 2903 collectionis
761 2844 877 2919 partes
908 2845 1001 2904 recte
1033 2838 1156 2905 statuit
1179 2839 1396 2904 Weisshaen-

279 2943 425 3025 peliusl),
460 2943 514 3024 qui
539 2943 636 3009 simul
668 2951 705 3009 ut
728 2944 816 3009 illius
847 2945 1033 3025 particulae
1061 2944 1185 3011 fontem
1216 2946 1397 3028 indagaret

279 3050 418 3116 navavit
442 3068 584 3132 operam.
632 3049 790 3134 Quicum
815 3051 1055 3134 epigrammata
1078 3052 1198 3134 Rufini,
1228 3071 1322 3134 quem
1347 3052 1396 3119 di·

279 3174 410 3222 versum
443 3175 516 3222 esse
541 3176 561 3222 a
584 3157 703 3223 Rufino
727 3158 928 3241 Domestica,
960 3158 1155 3242 Agathiano
1187 3167 1295 3241 poeta,
1328 3161 1396 3240 epi·

281 3264 476 3345 grammatis
510 3264 552 3331 V.
579 3269 652 3326 284.
689 3270 833 3339 auctore,
876 3264 946 3330 iure
982 3266 1169 3346 contendit,
1214 3265 1396 3346 Gaetulici,

278 3368 469 3454 Onestae‚⁶)
496 3369 696 3452 Oillactoris,
723 3369 824 3453 Galli,
848 3371 1006 3447 Archiae,
1034 3372 1217 3457 Capitonis,
1240 3373 1397 3455 Dionysii

281 3475 469 3558 Sophistae,
495 3475 681 3559 Claudiani,
707 3477 853 3554 (Lucillii
877 3484 912 3544 et
935 3478 1112 3562 Palladae)
1138 3485 1229 3546 certo
1254 3481 1398 3560 quodam

280 3599 406 3647 conexu
428 3588 464 3647 et
488 3582 601 3649 ordine
624 3583 713 3649 inter
737 3601 773 3649 se
789 3584 964 3650 coniuncta
988 3604 1061 3651 esse
1083 3585 1281 3667 putavisset,
1307 3605 1396 3653 cum-

280 3706 343 3768 que
360 3680 576 3756 Claudianum
594 3696 636 3739 -’
652 3690 798 3756 Iacobsii
821 3691 1021 3757 sententiam
1046 3691 1075 3758 si
1091 3693 1263 3773 sequimur,
1289 3694 1396 3760 Theo-

370 3902 391 3969 1)
410 3901 445 3957 ci.
465 3900 618 3956 Iacobsinm
637 3907 666 3956 at
684 3902 885 3971 Weisshaeupl.
904 3919 930 3972 p.
949 3906 984 3958 86
1004 3919 1043 3971 sq.

369 3987 380 4020 ⁹
410 3990 444 4045 cf.
465 3990 610 4060 Waigand.
630 3991 648 4045 l.
666 3991 685 4047 l.
704 4007 730 4060 p.
749 3993 809 4046 562.
829 4008 887 4060 sqq.

369 4077 391 4147 3)
411 4083 433 4133 1.
454 4077 591 4148 cephalae
610 4087 662 4145 est,
681 4081 716 4136 cf.
736 4080 844 4136 Sternb.
863 4081 925 4137 mel.
945 4097 987 4151 gr.
1006 4098 1032 4150 p.
1054 4082 1096 4137 14.

368 4166 390 4235 ⁴)
408 4183 471 4237 pag.
492 4171 534 4222 38.
555 4185 595 4236 sq.

349 4256 391 4320 ’5)
409 4256 525 4320 nominis
544 4257 633 4313 forma
653 4265 702 4313 aut
721 4243 841 4314 Oneataa
866 4265 916 4314 ant
935 4260 1051 4315 Orestes
1077 4265 1128 4315 ant
1146 4257 1274 4315 Onaatos.
1312 4260 1395 4331 Cogi-

278 4343 339 4398 tavi
358 4344 391 4399 de
410 4347 556 4415 agnomine
575 4347 723 4401 Honestue.
