2946 4852
726 401 943 458 ..73-

276 573 352 639 istis
386 573 680 657 grammaticorum
711 574 932 639 Romanorum
962 574 1164 656 temporibus
1200 580 1276 641 orta
1306 583 1396 653 sunt,

280 685 419 762 excepto
443 679 594 744 nimirum
626 680 866 762 epigrammate
892 685 976 763 238,
986 681 1012 765 1)
1043 681 1130 762 quod
1160 701 1201 746 ex
1224 681 1398 766 Agathiae

278 787 379 870 Cyclo
413 786 574 853 delibavit
605 785 772 869 Cephalus
806 787 955 868 quodque
990 788 1043 853 hic
1075 787 1225 855 adseruit
1262 797 1400 872 propter

280 893 470 976 argumenti
510 893 757 959 similitudinem
792 893 1255 976 Pseudodemodoceorumque
1289 897 1399 963 imita·

276 1000 411 1066 tionem.

367 1111 441 1169 296.
466 1107 654 1183 Timonis,
673 1106 762 1172 inter
783 1107 890 1171 multa
911 1106 1065 1170 ἀδέσποτα
1081 1108 1309 1174 hexametrica
1324 1115 1399 1175 tan·

278 1218 358 1286 tum,
377 1233 395 1278 e
412 1213 575 1296 Meleagri
592 1231 714 1279 corona
731 1231 796 1278 non
820 1217 873 1278 est
897 1213 1077 1280 delibatum
1100 1221 1287 1297 propterea,
1312 1217 1399 1296 quod

279 1320 528 1404 epigrammatis
551 1320 688 1385 formam
716 1339 781 1385 non
810 1321 925 1400 habet3
958 1320 1115 1403 originem
1145 1321 1239 1386 duxit
1266 1341 1307 1387 ex
1334 1342 1399 1388 uno

277 1425 564 1493 innumerabilium
576 1426 706 1491 illorum
720 1425 790 1491 fere
802 1426 996 1508 libellorum,
1010 1427 1400 1510 quibusphilosophornm

279 1535 369 1600 diota
394 1539 429 1598 et
452 1551 568 1599 versus
593 1532 846 1615 colligebantur.

366 1641 515 1706 Restant
538 1639 642 1722 igitur
665 1658 752 1705 nunc
774 1641 859 1705 haec
882 1644 1014 1706 tantum
1039 1639 1297 1723 epigrammata:

370 1747 463 1811 361*.
488 1745 706 1811 Dioscoridis.

368 1860 441 1920 362.
466 1853 672 1920 Callimachi.

369 1966 443 2023 363.
468 1959 683 2026 Dioscoridis

280 2067 352 2152 Quo
375 2068 448 2134 loco
473 2069 607 2134 brevem
632 2067 895 2150 Meleagreorum
917 2067 1052 2133 exhibes
1078 2068 1195 2133 seriem
1217 2073 1399 2150 poetarum,

282 2179 395 2240 tamen
419 2193 484 2239 non
507 2174 596 2239 inter
618 2173 882 2257 DiogenianeoS,
907 2173 966 2238 sed
993 2173 1083 2238 inter
1112 2173 1190 2239 bina
1214 2174 1402 2256 Philippica

280 2281 540 2363 epigrammata,
582 2286 654 2343 361.
693 2280 950 2346 Automedontis
1004 2285 1039 2346 et
1083 2285 1156 2344 364.
1230 2281 1399 2361 Bianoris3

280 2388 444 2453 accedunt
464 2386 544 2449 κατὰ
566 2400 722 2464 στοιχεῖον
744 2387 855 2453 initia:
882 2393 956 2450 361.
981 2386 1108 2465 ydttoo.
1135 2393 1207 2450 362.
1232 2386 1400 2462 εὐδαίμων.

282 2498 355 2557 363.
380 2490 494 2588 odaei,
525 2493 576 2558 ita
608 2499 645 2559 ut
674 2493 955 2576 Weisshaenpelii
974 2473 1131 2559 tortasse
1162 2473 1402 2574 adstipulemur

282 2601 472 2666 sententiae
497 2600 670 2667 exstitisse
686 2600 922 2675 collectionem,
945 2618 1011 2680 qua
1026 2599 1172 2682 Philippi
1192 2606 1227 2666 et
1239 2600 1402 2683 Meleagri

282 2725 421 2772 coronae
436 2707 502 2772 iam
516 2707 764 2772 contaminatae
778 2713 890 2785 erant3
903 2726 1009 2788 neque
1021 2712 1135 2772 tamen
1147 2707 1188 2773 de
1199 2707 1402 2789 Diogeniani

281 2814 472 2896 anthologio
497 2813 635 2895 cogites.

372 2921 437 3002 Ep.
449 2920 815 2994 361*.DioscoridiS‚
834 2919 918 3000 quod
930 2920 1049 2984 iterum
1058 2920 1274 3003 legitur195,
1287 2925 1324 2984 ut
1336 2919 1403 2985 iam

282 3026 434 3105 diximus,
467 3027 579 3109 procul
605 3027 701 3093 dubio
725 3027 834 3109 priore
862 3027 934 3092 loco
957 3027 992 3091 in
1015 3027 1174 3110 margine,
1202 3027 1314 3092 nescio
1339 3047 1403 3107 qua

283 3151 395 3214 causa,
429 3133 631 3216 adscriptum
666 3139 741 3199 erat
765 3133 856 3199 etin
880 3138 1008 3199 textum
1033 3132 1088 3213 qui
1112 3133 1233 3207 dicitur
1254 3132 1332 3198 inde
1355 3135 1403 3198 in-

283 3240 388 3318 vasit;
414 3241 627 3321 interrumpit
644 3247 755 3306 antem
771 3240 1072 3322 Diogenianeorum
1094 3239 1240 3305 ordinem
1263 3239 1403 3305 elemen-
1443 3252 1447 3258 ’

282 3348 404 3412 tarium
425 3348 513 3433 (191.
525 3343 620 3426 Ἆρες.
641 3353 712 3410 192.
726 3349 921 3429 μακροτέρῳ.
941 3352 1014 3409 193.
1026 3343 1059 3410 ‘0
1072 3346 1204 3422 φθόνος.
1224 3350 1295 3410 194.
1310 3352 1403 3408 Πανί.

285 3459 357 3518 196.
379 3437 558 3539 Ῥύγχοςῑ
718 3437 746 3448 “
1038 3435 1065 3446 “
1304 3434 1341 3445 ’-

371 3543 518 3640 Itaque
548 3560 790 3642 Meleagrum
830 3558 868 3625 in
905 3558 1036 3641 capite
1071 3558 1272 3625 undecimo
1304 3577 1404 3623 com-

283 3667 460 3748 ponendo
474 3665 764 3733 constantinus
777 3665 975 3747 Cephalas
990 3670 1152 3746 praesto
1168 3664 1402 3731 nonhabuit.

374 3773 513 3841 Ceteros
536 3773 657 3857 fontes,
686 3780 724 3840 ut
753 3773 817 3839 sibi
840 3777 975 3854 praesto
1000 3778 1107 3848 erant,
1139 3770 1317 3853 exscripsit
1340 3771 1404 3837 Oe-

285 3880 418 3961 phalas:
956 3951 958 3955 ,
1252 3946 1255 3951 .

373 3986 521 4068 Philippi
551 4005 717 4053 coronam:
752 3992 781 4049 4.
808 3989 860 4049 10.
887 3991 1041 4052 aa-ao,
1067 3990 1218 4048 ca-ou.
1250 3989 1300 4047 72.
1328 3990 1403 4048 roe.

286 4092 515 4178 (Antiphanis,
539 4112 647 4169 nonne
663 4092 789 4159 rectius
804 4091 982 4158 Ammiano
999 4096 1059 4160 aut
1078 4091 1245 4159 Nicaroho
1256 4089 1404 4176 daturi)

375 4323 396 4393 ¹)
414 4322 516 4393 Bergk.
535 4322 554 4377 l.
573 4323 591 4378 l.
610 4339 674 4394 pag.
693 4322 737 4378 66.
