2946 4852
533 423 755 480 ..45-

84 595 128 671 ia,
161 613 257 676 quem
287 598 519 660 commemorat
542 595 704 676 Iosephus
714 599 746 674 1).
793 594 889 664 Vixit
921 595 1025 679 igitur
1057 595 1203 662 fortasse

83 701 299 783 Vespasiaua
322 705 438 767 aetate
466 705 501 766 et
524 700 598 783 ipse
630 720 758 783 quoque
780 702 983 785 Diogeniani
1011 703 1203 786 anthologio

86 808 350 874 adnumerandus
381 812 442 874 est.
488 808 549 876 VI.
582 813 656 874 331.
690 808 839 889 sequitur
863 809 1003 887 ἰσόψηφοι
1033 810 1203 875 Leonidae

86 914 321 995 Alexandrini,
352 917 423 976 332.
447 912 615 978 Hadriani
637 913 848 996 imperatoris
873 919 941 993 est3
973 915 1093 981 iterum
1124 936 1203 999 ergo

86 1023 189 1087 habes
220 1021 441 1104 fragmentum
464 1020 678 1103 Diogeniani.
726 1022 805 1091 VII.
834 1027 882 1085 71.
914 1023 1056 1103 positum
1089 1029 1141 1089 est
1169 1024 1203 1089 in

87 1135 182 1209 parte
198 1128 297 1209 plane
318 1127 541 1202 miscellanea,
558 1128 641 1193 item
659 1133 731 1194 244.
748 1135 783 1193 ot
802 1133 889 1205 2453
904 1129 1075 1195 antecedit
1092 1137 1204 1195 autem

87 1233 188 1299 Lollii
210 1234 343 1315 Bassi2)
374 1233 586 1316 epigramma,
619 1234 705 1315 quod
735 1234 823 1300 haud
851 1235 919 1300 scio
949 1255 993 1300 an
1016 1256 1034 1301 6
1057 1236 1204 1318 Philippi

87 1358 207 1405 corona
231 1339 387 1423 originem
417 1340 532 1416 ducat,
560 1345 632 1404 275.
659 1346 694 1407 et
726 1347 799 1404 354.
823 1340 857 1407 in
882 1342 1049 1408 ordinibus
1079 1343 1202 1408 Melea·

87 1446 176 1529 greis
204 1448 330 1512 habent
359 1446 480 1520 locum,
512 1448 564 1513 ita
594 1447 632 1513 ut
663 1447 808 1513 fortasse
840 1448 1002 1530 quispiam
1033 1449 1204 1532 putaverit

88 1553 300 1620 Gaetulicum
329 1554 406 1619 huic
436 1572 576 1618 coronae
607 1553 674 1619 iam
705 1554 908 1636 adscriptum
941 1555 1053 1621 fuisse.
1110 1555 1205 1639 Quae

87 1660 257 1726 sententia
284 1679 322 1725 eo
346 1660 451 1740 cadit,
484 1660 569 1740 quod
591 1678 698 1740 neque
720 1661 755 1726 iu
777 1661 942 1744 Meleagri
966 1663 1131 1744 prooemio
1154 1663 1203 1727 in·

86 1766 219 1833 venitur
241 1786 346 1848 neque
370 1766 498 1833 omniuo
520 1767 743 1832 Romanorum
765 1773 937 1849 poetarum
962 1769 1205 1851 epigrammata

87 1874 259 1956 Meleager
280 1871 417 1954 recepit.
463 1872 587 1952 Itaque
611 1892 682 1938 cum
706 1882 832 1940 certum
853 1881 1083 1958 argumentum
1105 1877 1204 1941 habe·

88 1999 181 2046 amus
211 1980 246 2046 in
277 1979 515 2061 epigrammate
546 1980 614 2044 XI.
647 1984 720 2043 409.
752 2000 857 2062 neque
889 1984 1024 2048 obstent
1058 1983 1205 2048 carmina

87 2086 225 2167 reliqua,
251 2085 462 2153 Gaetulicum
485 2086 732 2170 aDiogeniano
756 2095 948 2171 excerptum
973 2108 1047 2155 esse
1070 2108 1204 2172 persua-

88 2213 160 2261 sum
182 2195 299 2260 habco.

177 2300 358 2368 Philonis
386 2300 589 2383 epigramma
612 2301 680 2366 XI.
706 2306 779 2367 416.
811 2321 829 2366 e
852 2302 1054 2385 Diogeniani
1085 2321 1205 2369 corona

88 2412 252 2491 sumptum
266 2413 332 2488 est;
350 2407 379 2472 si
394 2425 430 2472 re
441 2426 525 2475 vera
539 2413 657 2473 auctor
670 2414 722 2473 est
735 2408 925 2474 Herennius
941 2409 1048 2490 Philo,
1066 2410 1204 2492 Byblius

87 2515 144 2580 1116
172 2515 423 2598 grammaticus
454 2515 518 2580 hac
549 2532 677 2595 quoque
706 2533 807 2580 causa
839 2514 1029 2581 defenditur
1051 2516 1172 2581 Rohdii
1180 2520 1205 2598 ³)

87 2622 267 2704 sententia,
293 2623 348 2703 qui
371 2641 444 2688 eum
466 2621 592 2689 vixisse
616 2626 715 2703 putat
737 2620 815 2686 inda
838 2623 880 2686 ab
905 2640 990 2687 anuo
1009 2627 1060 2684 52.
1078 2642 1108 2704 p.
1127 2621 1203 2688 Ohr.

88 2747 119 2793 n.
143 2747 247 2809 usque
270 2728 314 2793 ad
337 2728 505 2794 Hadriani
529 2735 680 2810 tempora
709 2728 842 2809 eiusque
866 2725 967 2808 ἀκμὴν
991 2729 1204 2794 statuendam

89 2854 163 2901 esse
185 2835 378 2901 Domitiano
401 2836 611 2917 imperatore.
658 2834 888 2917 Epigramma,
914 2835 1040 2917 dequo
1065 2835 1205 2919 agimus,

89 2942 424 3025 magisaapoapamag
446 2960 542 3022 quarn
566 2939 744 3003 σκωπτικὸν
768 2948 831 3007 est.

176 3050 286 3115 Unum
317 3068 443 3130 quoque
473 3047 656 3113 Helladii
687 3048 890 3130 epigramma
912 3049 986 3114 XI.
1016 3047 1205 3131 4261166-

91 3162 235 3221 mentum
258 3153 477 3238 Diogenianei
499 3152 652 3236 florilegii
681 3159 747 3238 est;
776 3155 891 3236 itaque
920 3154 1099 3241 Iacobsii4)
1133 3173 1206 3220 sen-

91 3263 198 3329 tentia
228 3263 321 3329 cadit
352 3260 544 3327 Helladium
573 3267 707 3342 poetam
731 3267 766 3327 et
794 3261 935 3342 ἀρχιερέα
959 3262 1097 3328 eundem
1121 3280 1206 3335 esse,

92 3368 144 3447 qui
162 3368 288 3436 vixerit
308 3369 421 3450 quinto
437 3372 514 3450 post
532 3366 702 3434 Christum
718 3367 898 3452 saeculo⁵).
937 3369 1109 3449 Equidem,
1135 3388 1206 3434 oum
1326 3435 1330 3442 ,

92 3476 239 3543 Helladii
268 3495 384 3542 nomen
417 3481 496 3541 ante
525 3476 609 3541 haec
632 3481 782 3556 tempora
812 3493 975 3556 nusquam
1005 3474 1204 3548 inveniatur,

92 3582 147 3647 illa
175 3587 289 3648 autem
319 3588 435 3648 aetate
465 3582 499 3648 in
529 3581 658 3647 deliciis
688 3581 800 3665 fuerit,
835 3588 873 3649 ut
909 3582 1067 3647 feminina
1101 3582 1206 3646 forma

92 3685 264 3774 Ἑλλαδίηθ)
289 3689 450 3770 docemur,
474 3689 573 3756 valde
598 3688 726 3770 dubito,
755 3707 830 3754 num
854 3693 945 3753 recte
969 3687 1131 3754 traditum
1161 3687 1207 3752 sit

178 3904 199 3971 1)
218 3902 324 3970 Ioseph.
342 3902 375 3955 B.
393 3901 415 3955 1.
435 3900 483 3956 VI.
504 3903 528 3966 3,
550 3903 575 3955 2.

177 3988 199 4060 ¹)
218 3989 253 4045 cI.
272 3989 346 4044 infra
363 4006 427 4060 pag.
446 3991 491 4044 49.

178 4077 272 4144 ει)1.1.
291 4095 356 4147 pag.
377 4079 435 4133 175.

177 4165 199 4238 ⁴)
219 4167 301 4222 catal.
320 4168 408 4237 epigr.
425 4166 503 4223 XIII.
523 4168 583 4223 901.

178 4257 199 4326 ὖ)
218 4256 248 4312 c.
265 4255 289 4311 1.
309 4257 341 4311 e.
361 4258 438 4312 1061.
457 4256 535 4311 aeas.
554 4257 634 4311 aeas.
653 4258 732 4311 erar.

178 4345 200 4417 1)
218 4344 253 4400 61.
272 4345 369 4401 Leont.
388 4345 478 4400 Schol.
496 4345 575 4399 Plan.
596 4344 695 4415 (XVI.)
714 4344 774 4399 284.
794 4344 855 4399 286.
875 4343 937 4398 287.
