2946 4852
629 374 845 433 ..63-

174 548 279 627 χύδην
309 545 543 632 πεπλεγμένων)
579 545 737 628 privatim
764 548 1037 630 susurrabantur‚
1073 547 1229 631 colligere
1257 555 1293 615 et

175 652 311 738 singula
334 657 426 719 certo
449 651 563 718 ordine
584 652 776 719 rescribere.

184 820 187 825 .
269 760 344 827 Iam
368 758 490 826 Suidue
512 758 572 825 illa
593 759 783 826 recordare:
808 757 934 823 Κύκλον
957 767 1022 822 τῶν
1045 762 1127 824 νέων
1149 761 1294 839 ἐπιγραμ-

174 864 297 943 μάτων,
329 862 369 929 ὃν
391 862 488 940 αὐτὸς
509 869 640 945 σννῆξεν
663 866 697 928 ἐκ
719 873 787 929 τῶν
808 864 887 928 κατὰ
913 863 1025 946 καιρὸν
1046 874 1195 946 ποιητῶν.
1240 868 1294 933 In·

177 973 360 1056 colligebat
379 970 418 1039 O.
438 971 477 1038 Β.
498 971 627 1039 Hosius
635 969 660 1056 ¹)
684 971 761 1048 τοὺς
783 969 863 1035 κατὰ
885 970 995 1054 καιρὸν
1014 971 1143 1053 ποιητάς
1165 977 1294 1055 poetas,

178 1079 236 1162 qui
260 1077 402 1162 singulis
424 1077 596 1145 aetatibus
624 1077 695 1147 sive
723 1080 924 1161 temporibus
950 1079 1141 1146 floruerunt.
1188 1077 1296 1163 Quam

169 1185 385 1254 sententiam
406 1184 665 1266 Bernhardius2)
693 1185 833 1266 nequis
857 1185 1039 1268 acciperet,
1071 1185 1194 1269 suasit,
1226 1187 1295 1253 alia

175 1298 292 1360 tamen
324 1289 547 1373 explicatione
577 1310 643 1357 non
673 1290 800 1358 addite.
848 1291 915 1358 Sed
943 1310 1015 1357 cum
1042 1310 1157 1359 vocem
1186 1292 1296 1373 καιρός

177 1399 256 1467 istis
271 1397 536 1481 Byzantinorum
551 1397 754 1479 temporibus
778 1397 970 1479 saepissime
984 1398 1038 1465 vel
1064 1417 1193 1480 semper
1214 1399 1294 1475 fere,

175 1506 234 1574 nbi
258 1505 392 1589 legitur,
416 1505 599 1587 proverbe
622 1504 739 1583 χρόνος
760 1504 915 1587 usurpari
935 1504 1192 1587 locupletissime
1219 1504 1295 1570 edo·

177 1612 285 1679 cuerit
314 1607 550 1694 Lobeckius,³)
582 1610 731 1691 equidem
757 1630 821 1677 non
852 1611 958 1692 video,
989 1630 1047 1677 cur
1078 1608 1157 1673 κατὰ
1185 1609 1295 1692 καιρὸν

177 1738 244 1786 non
274 1717 363 1784 idem
377 1780 380 1785 ,
395 1717 441 1784 sit
471 1721 573 1797 atque
603 1715 680 1780 κατὰ
703 1718 833 1798 χρόνον,
866 1717 952 1799 quod
982 1717 1211 1800 explicandum
1241 1724 1295 1782 est

176 1821 257 1888 κατὰ
280 1822 339 1886 τὸν
372 1819 472 1887 αὐτὸν
494 1822 624 1902 χρόνον.
672 1824 817 1908 Collegit
846 1824 950 1908 igitur
971 1822 1143 1908 Agathias
1174 1842 1295 1905 aequa·

176 1933 259 1998 lium
274 1929 346 1996 iere
367 1937 539 2012 poetarum
559 1929 809 2014 epigrammata.
846 1931 969 1995 Eodem
993 1930 1086 1995 modo
1111 1930 1296 2012 explicatur

155 2026 158 2031 ’
176 2035 418 2121 suprascriptio
440 2036 597 2118 prooemii
620 2037 732 2119 capite
755 2042 875 2118 quarto
900 2036 1039 2103 servati:
1070 2035 1208 2116 συλλογὴ
1230 2039 1296 2098 τῶν

177 2148 261 2210 νέων
296 2140 548 2223 ἐπιγραμμάτων.
608 2143 733 2210 Tamen
770 2143 902 2209 etiamsi
946 2143 1133 2223 aequalium
1163 2148 1296 2209 tantum

178 2251 424 2334 epigrammata
455 2248 660 2330 excerpsisse
691 2249 876 2331 Agathiem
907 2255 1068 2332 putemus,
1100 2250 1170 2331 ipse
1202 2248 1297 2330 chli

177 2362 297 2424 auctor
319 2354 411 2421 inter
433 2353 472 2416 τὰ
496 2353 637 2435 ἀρτιγενῆ
659 2360 709 2417 καὶ
732 2348 866 2436 νεώαερα
890 2358 954 2418 τῶν
977 2355 1218 2434 ἐπιγραμμάτων
1234 2358 1297 2418 δια-

175 2463 381 2527 λανθάνοντα
409 2460 454 2523 lu
483 2461 617 2535 dividit,
657 2480 741 2542 quae
764 2463 869 2529 verba
897 2481 917 2527 a
947 2461 1029 2528 viris
1058 2461 1165 2528 doctis
1196 2479 1298 2542 nsque

176 2570 287 2637 adhuc
310 2567 398 2635 falsa
421 2567 552 2634 ratione
575 2568 727 2649 exposita
751 2575 837 2634 sunt.
883 2569 972 2635 Nam
996 2587 1068 2633 cum
1091 2567 1129 2630 τὰ
1153 2567 1298 2647 optarem}

175 2674 427 2755 ἐπιγραμμάτων
450 2674 635 2755 aequalium
656 2681 813 2757 poemata
828 2674 1083 2750 intellexissent,
1108 2673 1145 2736 τὰ
1162 2672 1298 2752 νεώτερα

175 2781 435 2848 διαλανθάνοντα
466 2779 508 2842 ἔτι
539 2780 640 2846 aliter
671 2781 888 2863 interpretari
915 2801 980 2848 non
1007 2786 1202 2864 potuerunt,
1234 2780 1298 2846 nisi

179 2892 419 2973 supponerent:
451 2885 490 2948 τὰ
521 2885 657 2966 νεώτερα
692 2887 880 2955 vetustiora
908 2906 982 2955 esse
1008 2887 1076 2955 illis
1099 2885 1295 2968 ἀρτιγενὲσιν.

177 2994 275 3081 Quod
297 3011 483 3075 quenquam
505 2994 710 3060 everborum
734 2995 869 3060 notione
892 2995 1049 3076 exemplis
1066 2994 1197 3060 minime
1213 3012 1296 3059 com·

176 3104 359 3186 probatur,
375 3106 487 3167 temen
512 3119 632 3183 omnes,
658 3106 815 3182 quantum
833 3101 944 3187 sciui),
971 3100 1036 3168 viri
1060 3101 1148 3166 docti
1164 3119 1296 3182 accepe-

177 3214 268 3275 runt.
310 3205 437 3291 Contra
466 3206 599 3289 propius
631 3208 674 3272 ad
704 3207 881 3274 veritatem
912 3225 972 3273 nos
1002 3225 1195 3279 accessuros
1223 3225 1296 3272 esse

176 3320 270 3398 puto,
301 3332 373 3380 cum
398 3312 541 3393 ἀρτιγινῆ
571 3315 760 3381 vetustiora
783 3314 985 3396 suspicemur
1007 3316 1180 3393 νεωτέραν,
1213 3331 1297 3393 qnae

176 3420 349 3488 sententia
364 3420 419 3487 vel
440 3419 517 3485 inde
540 3419 761 3499 confirmatur,
787 3421 873 3502 quod
895 3418 1032 3500 νεώτερα
1055 3420 1115 3484 illa
1136 3418 1296 3501 epigram·

178 3533 275 3595 mata
290 3526 544 3591 διαλανθάνοντα
567 3526 611 3589 ἔτι
631 3533 738 3609 erant,
763 3547 805 3594 ne
821 3527 960 3611 singulis
982 3526 1112 3607 quidem
1125 3524 1296 3593 volumini-

178 3636 241 3701 bus
270 3633 541 3714 continebantur,
574 3634 659 3715 quod
689 3634 852 3716 suspicari
879 3634 959 3700 licet
982 3634 1022 3698 de
1044 3630 1297 3698 Democharidis

178 3740 320 3824 exempli
341 3741 455 3824 gratia
476 3740 736 3824 epigrammatis,
765 3760 860 3822 quem
884 3740 1056 3824 Agathiae
1077 3738 1179 3804 luisse
1200 3737 1294 3803 disci-

270 3935 291 4005 ¹)
310 3933 346 3989 si
364 3935 483 3989 Leonem
502 3932 580 3990 Disc.
601 3932 693 4003 (Oorp.
711 3934 785 3991 Hiat.
805 3934 873 4001 Byr.
893 3934 934 3990 ed.
953 3934 1038 3988 Bonn.
1058 3931 1109 3986 XI.
1127 3948 1153 4000 p.
1171 3931 1254 4001 490.).

268 4022 290 4092 ²)
310 4021 383 4078 snio.
403 4022 424 4077 l.
446 4023 469 4078 1.
487 4038 514 4092 p.
533 4023 576 4078 34„

268 4111 291 4180 ³)
310 4111 346 4166 ad
364 4111 445 4180 soph.
464 4110 507 4167 Αἱ.
526 4128 552 4180 p.
571 4112 613 4167 85.

267 4200 290 4271 ⁴)
309 4200 376 4257 Sero
389 4199 448 4257 vicl
458 4198 706 4257 Reitzensteinium
719 4200 791 4269 apud
800 4199 1061 4269 ‘Pauly-wissowa'
1073 4198 1294 4269 (Realencyclop.

176 4290 199 4358 1,
220 4291 244 4344 1.
265 4305 287 4345 s.
306 4305 332 4346 v.
352 4288 503 4360 Agathino)
520 4296 627 4346 rectum
646 4291 813 4346 enuclessse.
