3024 4860
640 423 860 484 ..23-

193 600 409 683 Metaphcrae
433 617 540 682 pauca
562 597 676 664 iuveni
697 597 861 682 exempla:

282 706 369 780 οἶκος
390 706 508 785 ἐχώρει.
555 705 620 769 ΧΙ.
646 709 733 780 87,1.

190 801 192 804 ’
282 809 356 893 ἦρεν
379 811 397 876 ὁ
420 811 547 886 καπνός.
594 812 662 877 ΧΙ.
688 817 773 892 99,1.

282 920 374 985 Bene
397 919 561 1001 poeticum
585 919 726 984 colorem
749 914 961 982 adumbravit
977 919 1077 996 poeta
1100 913 1191 979 hisce
1207 918 1311 979 meta·

193 1024 319 1107 pharis:

283 1138 417 1210 στίχινος
438 1131 586 1206 θάνατος.
632 1131 699 1197 ΧΙ.
725 1135 821 1211 135,4
845 1135 881 1195 ct
904 1127 1071 1194 similiter:

283 1246 426 1317 φονικῶν
448 1238 628 1318 ἑξαμέτρων
650 1237 796 1312 πόλεμος.
842 1236 911 1304 XI.
939 1240 1044 1314 136,4.

283 1345 388 1411 Plura
410 1345 633 1428 metonymiae
649 1344 736 1425 apud
752 1342 917 1410 Lucilium
935 1347 1012 1408 sunt
1028 1341 1193 1422 exempla3
1217 1355 1313 1421 prae·

195 1451 290 1533 cipue
314 1449 446 1518 deorum
471 1459 506 1519 et
529 1453 663 1517 heroum
678 1450 929 1516 Homericcrum
952 1448 1085 1514 uomina
1100 1450 1313 1528 usurpantur,

197 1558 254 1625 ubi
276 1577 386 1624 eorum
407 1559 526 1633 τύπους
549 1563 794 1640 exspectamus:
811 1557 940 1624 Rheam
962 1556 1039 1637 (XI.
1058 1553 1147 1638 69,2)
1168 1556 1228 1618 aut
1243 1553 1314 1617 He·

196 1666 312 1731 cubam
337 1666 415 1746 (XI.
445 1671 542 1748 212,4
559 1670 595 1732 et
610 1667 722 1746 404‚6)
746 1664 829 1730 dicit
850 1669 951 1746 poeta
973 1661 1120 1738 vetulam
1144 1659 1315 1726 Priamum

195 1771 277 1856 (XI.
297 1773 406 1857 132,3)
430 1774 592 1838 hominem
611 1771 852 1855 grandaevum
876 1770 1041 1835 Helenam
1057 1766 1138 1853 (XI.
1157 1771 1253 1844 278,2
1278 1770 1314 1830 et

195 1879 309 1959 404,6)
340 1898 473 1945 uxorem
506 1885 565 1946 aut
595 1879 716 1945 bellam
750 1883 809 1944 aut
844 1876 1016 1959 perfidam3
1046 1872 1202 1958 Paridem
1233 1871 1313 1953 (XI.

198 1984 309 2068 2783)
334 1985 531 2052 adulterum.
577 1986 721 2052 Deorum
746 1990 781 2050 et
802 1985 934 2050 heroum
949 1981 1082 2048 nomina
1096 1977 1316 2062 metonymice

197 2095 359 2173 usurpata
371 2091 459 2173 apud
471 2110 583 2158 omnes
595 2091 665 2158 fere
676 2099 797 2175 poetas
809 2089 1035 2167 inveniuntur3
1052 2087 1139 2169 apud
1150 2091 1313 2152 nostrum:

197 2195 374 2263 Phaethon
396 2217 456 2280 pro
480 2200 549 2265 sole
573 2198 709 2285 (131,2),
737 2195 1034 2266 Ohar0n=inferi
1057 2193 1199 2279 (133,5)‚
1228 2193 1316 2258 Her·

196 2302 287 2369 cules
310 2322 368 2385 pro
392 2304 464 2372 uiro
487 2307 624 2372 robusto
647 2304 767 2390 (95‚4);
792 2304 939 2370 Ixionem
956 2306 992 2368 et
1007 2301 1142 2384 Titynm
1165 2299 1316 2382 appellat

197 2411 358 2477 scelestos
398 2413 578 2495 (143‚3.4);
622 2413 777 2480 similiter
813 2410 957 2485 Ὠκεανός
992 2412 1116 2491 (2453.
1149 2409 1315 2490 247,3.4),

198 2519 326 2592 Νέμεσις
347 2518 484 2605 (2163),
508 2520 653 2599 Πήγασος
672 2526 708 2586 et
728 2516 983 2599 Βελλεροφόντης
1003 2515 1130 2602 (392,3)
1150 2531 1222 2580 cum
1240 2515 1315 2580 sim·

200 2622 341 2705 plicibus
364 2622 539 2692 familiaris
564 2627 724 2693 sermonis
746 2626 857 2695 verbis
879 2624 1107 2690 immutantur.

287 2730 526 2813 Periphraseos
565 2751 663 2799 unum
701 2738 834 2800 tantum
873 2727 1079 2814 investigavi
1118 2726 1315 2810 exemplum:

198 2841 306 2916 403,5.
353 2836 511 2902 Anaunion
533 2839 620 2915 πόμα
642 2840 779 2916 Βάκχον.

288 2942 354 3010 Sed
377 2951 497 3026 poetae
520 2946 686 3029 ingenium
709 2946 768 3023 eis,
792 2963 876 3027 quae
900 2945 965 3009 iam
988 2945 1177 3024 sequuntur,
1200 2939 1317 3023 figuris

199 3049 359 3115 adhibitis
382 3052 485 3118 multo
509 3053 713 3134 praeclarius
744 3051 917 3118 elucescit:
949 3049 1087 3132 primum
1114 3049 1161 3113 de·
1188 3062 1317 3113 onoma·

197 3155 332 3238 tapecia
355 3176 439 3239 quae
463 3160 580 3226 notavi
602 3160 777 3242 proferam.

287 3262 402 3332 Verba
431 3271 492 3331 aut
513 3284 601 3334 nova
623 3267 720 3331 finxit
744 3272 803 3332 aut
826 3265 894 3330 iam
917 3261 1089 3329 exstantia
1115 3257 1316 3340 immutavit,

199 3374 238 3435 ut
254 3370 422 3436 enuntiati
438 3372 607 3439 cuiusdam
622 3375 673 3440 vis
698 3380 733 3439 et
755 3373 899 3454 impetus
923 3372 1185 3452 exaggeraretur
1208 3371 1243 3431 et
1261 3380 1317 3430 au·

200 3481 342 3558 geretur.
368 3477 453 3545 Sunt
466 3485 577 3547 autem
590 3481 675 3546 haee
685 3482 798 3560 verba,
812 3496 896 3561 quae
910 3478 997 3559 apud
1006 3474 1167 3541 Lucilium
1179 3473 1318 3555 primum

200 3582 428 3651 inveniuntur:

290 3686 490 3769 ἀοιὸομάχος.
518 3697 624 3775 140,1,

290 3793 487 3877 ἀποσφίγγον.
514 3803 619 3881 210,2.

292 3898 498 3985 ἀτοοφραίνο
512 3906 657 3985 (notione
671 3925 745 3973 sese
757 3907 855 3972 odore
867 3904 1007 3988 quodam
1017 3899 1195 3980 reficiendi)
1211 3903 1319 3983 165,2.

290 4015 589 4093 βακτροπροσαίτης.
614 4019 721 4090 410,1.
1124 4024 1127 4028 ·

289 4116 464 4198 βιβλὰριον.
492 4126 574 4203 78,2.

292 4232 634 4309 γραμματολικριφίόες.
661 4231 767 4304 140,2.

292 4331 470 4414 ὄαμάτειρα.
495 4341 603 4417 403,1.
