2946 4852
268 621 340 680 219.
364 613 549 695 Antipatri.

269 725 341 784 223.
367 719 537 802 Meleagri.

268 834 340 893 224.
364 825 550 907 Antipatri.

267 937 460 998 235.—238.
483 930 662 997 Demodoci
685 931 787 996 Lerii.

267 1047 340 1108 275.
364 1039 534 1121 Apollonii
559 1037 789 1105 Grammatioi.

267 1153 339 1210 296.
364 1146 521 1211 Timonis.

266 1258 339 1318 362.
365 1251 569 1319 Callimachi.

266 1366 339 1423 363.
364 1357 580 1425 Dioscoridis.

266 1472 339 1530 398.
365 1464 493 1530 Niciae.

265 1579 348 1637 414ρ
364 1571 498 1653 Hedyli.

265 1687 337 1745 415.
361 1677 547 1759 Antipatri.

262 1786 375 1851 Primo
408 1784 568 1864 adspectu
598 1783 713 1848 mirum
746 1787 812 1858 est,
847 1782 933 1863 quod
962 1780 1141 1864 longiorem
1174 1779 1308 1869 seriem*

176 1892 437 1974 Meleagreorum
453 1890 728 1972 epigrammatum
751 1907 912 1969 nusquam
932 1892 1131 1970 excerptam,
1157 1887 1216 1952 sed
1238 1888 1294 1952 hic

174 1999 230 2064 vel
252 1999 321 2063 illio
338 2016 442 2062 unum
466 2002 526 2062 aut
549 1997 692 2062 alterum
717 2015 886 2077 aspersum
909 1995 1072 2076 videmus,
1097 1995 1147 2060 ita
1175 1999 1213 2059 ut
1236 1995 1292 2061 vel

175 2106 237 2169 hac
262 2105 301 2168 de
326 2123 428 2168 causa
452 2103 649 2178 dubitemne,
675 2103 785 2169 sintne
802 2103 946 2185 genuina
967 2102 1026 2167 illa
1050 2101 1294 2184 epigrammata
1348 2098 1352 2105 ’

174 2212 436 2293 Meleagreorum
460 2214 632 2291 poetarum
655 2209 840 2275 nominibus
857 2215 987 2275 ornata.
1036 2208 1294 2274 Constantinum

175 2337 215 2383 ex
238 2317 330 2383 fonte
355 2334 422 2391 suo,
448 2316 578 2382 scilicet
602 2334 642 2380 ex
666 2317 842 2400 Meleagro,
869 2318 953 2382 haec
969 2315 1210 2398 epigrammata
1235 2315 1294 2379 mi-

174 2424 261 2489 nimo
285 2424 498 2504 excerpsisse,
525 2423 583 2488 sed
606 2428 644 2488 ut
668 2442 777 2488 eorum
802 2423 866 2488 sibi
888 2424 924 2489 in
939 2428 1081 2488 mentem
1102 2421 1205 2501 venit,
1231 2420 1292 2502 ita,

175 2550 215 2595 ex
230 2531 387 2595 memoria
403 2530 558 2605 fortasse,
583 2529 617 2595 in
634 2529 720 2594 alias
739 2529 841 2595 series
858 2531 1011 2596 intulisse
1029 2530 1178 2610 adparet.
1219 2528 1294 2593 Iam

174 2636 306 2719 singula
330 2637 567 2718 perlustramus
591 2637 748 2701 carmina.

262 2744 330 2808 XI.
358 2750 408 2806 12.
447 2743 567 2808 lemma
590 2742 657 2808 lert
673 2739 861 2826 'Alxoloo¹),
887 2741 1036 2822 sequitur
1050 2739 1293 2823 Diogenianea,

174 2855 357 2929 sequuntur
371 2850 612 2933 Diogenianea.
649 2849 725 2918 Viri
748 2848 838 2914 docti
861 2854 1064 2931 putaverunt
1087 2865 1203 2914 versus
1219 2865 1295 2912 esse

175 2957 377 3040 epigramma
389 2957 424 3021 in
432 2956 619 3039 Philippum
631 2975 753 3039 regem,
766 2955 800 3021 in
811 2974 904 3035 quem
917 2955 1093 3019 Alcaeus
1106 2952 1294 3018 Messenius

174 3064 242 3128 IX.
261 3069 334 3124 519.
353 3062 564 3127 acerbissimo
582 3063 742 3144 plenoque
765 3062 842 3127 bilis
859 3062 1098 3143 epigrammate
1114 3058 1294 3126 invehitur.

174 3168 243 3236 Sed
267 3168 401 3234 collatis
416 3169 552 3249 reliquis
568 3169 690 3234 Alcaei
705 3169 882 3249 poematiis
898 3167 999 3233 facile
1016 3184 1196 3249 cognoscas
1211 3165 1296 3230 illud

174 3275 214 3339 de
233 3293 295 3355 quo
313 3275 442 3358 agimus
459 3274 663 3357 epigramma
686 3274 817 3339 minime
834 3293 908 3339 esse
931 3273 1120 3356 genuinum;
1146 3272 1295 3337 Alcaeus

175 3386 214 3445 ut
239 3381 542 3463 Peloponnesiaous
558 3399 686 3462 semper
702 3381 809 3447 utitur
825 3381 969 3446 dialecto
986 3380 1107 3456 dorica,
1126 3397 1224 3459 quam
1239 3378 1295 3444 hic

174 3487 415 3569 desideramus3
433 3487 564 3552 accedit
577 3488 664 3568 quod
677 3487 863 3553 Nicarchus
876 3487 1057 3553 versiculos
1073 3486 1226 3551 imitatus
1240 3490 1295 3550 est

173 3612 223 3675 ep.
250 3594 317 3659 XI.
346 3600 378 3658 1:

331 3696 490 3780 Ἑρμαίοις
514 3697 587 3779 ἡμῖν
610 3697 799 3779 appodians
821 3699 855 3776 ἓξ
877 3699 956 3777 χόας
979 3701 1068 3762 οἴνου

387 3807 496 3884 αἴρων,
520 3806 707 3885 προσκόψας
728 3807 846 3879 πένθος
868 3805 958 3885 ἔθηκε
981 3807 1068 3882 μέγα.

338 3913 429 3987 Οἶνος
452 3918 501 3974 καὶ
525 3915 705 3990 Κένταυρον
729 3909 909 3974 ἀπώλεσεν·
923 3909 967 3986 ὡς
990 3907 1102 3988 ὄφελεν
1126 3912 1159 3971 δὲ

386 4016 502 4099 χῆμᾶςέ
528 4027 588 4081 νῦν
612 4016 728 4098 δ’ἡμεῖς
751 4026 870 4081 τοῦτον
894 4015 1108 4092 ἀπωλέσαμεν.

263 4123 368 4208 Quem
392 4145 464 4191 cum
487 4145 652 4207 nunquam
677 4125 885 4205 antiquorum
902 4131 1073 4206 poetarum
1090 4129 1294 4190 sectatorom

264 4355 285 4419 1)
305 4352 449 4409 Susamihl.
468 4355 486 4410 l.
505 4353 523 4408 l.
543 4353 579 4408 11.
600 4354 660 4408 544.
