2946 4852
512 367 734 427 ..25-

156 541 209 608 De
235 547 310 607 arta
333 540 474 607 metrica
496 541 618 607 Lucilii
641 561 748 625 pauca
772 542 894 608 addere
917 541 1027 608 liceat.
1074 540 1185 626 Quan-

72 665 165 728 quam
188 636 294 728 neque
325 648 360 713 in
382 648 457 730 ipsa
481 647 618 714 distichi
648 649 835 730 expoliendi
866 653 941 715 arte
963 665 1069 730 neque
1091 649 1126 714 in
1147 668 1185 715 re

68 753 241 835 prosodiea
277 756 318 820 ab
354 754 487 836 optimis
520 753 724 821 Graecorum
759 760 795 821 et
825 756 1046 821 Romanorum
1076 756 1185 838 poetis

70 859 191 936 distat,
224 865 338 926 tamen
362 879 479 927 versus
503 861 583 935 eius,
615 861 792 943 praecipue
818 862 1012 942 hexametri,
1044 862 1082 929 ut
1111 863 1186 946 ipsa

68 965 149 1032 levis
181 967 344 1033 materiae
374 966 484 1032 indole
518 966 713 1050 flagitatur,
750 969 921 1033 admodum
954 970 1077 1035 similes
1108 976 1186 1036 sunt

68 1073 275 1155 Horatianis,
301 1073 417 1154 quibus
442 1073 643 1140 cotidianum
663 1093 847 1141 sermonem
863 1094 959 1156 quam
981 1076 1054 1143 fieri
1076 1077 1186 1159 potuit

68 1179 274 1246 verissimum
297 1181 517 1247 adumbravit.

154 1287 326 1352 Habemus
351 1288 437 1353 enim
462 1294 524 1351 299
541 1289 764 1369 hexametros,
789 1289 957 1369 inquibus
980 1290 1209 1373 dactylorum,

73 1398 104 1459 et
138 1395 354 1475 spondeorum
387 1395 589 1476 comparatio
619 1396 703 1461 haec
733 1400 800 1462 est:
835 1401 934 1460 1095:
958 1402 1037 1478 400,
1068 1396 1104 1461 id
1133 1401 1187 1462 est

72 1504 158 1576 1751
190 1507 218 1563 1.
248 1499 483 1577 clodomirem
511 1501 700 1584 computavi
728 1507 786 1572 43,
817 1506 1084 1576 μονοσπονδείους
1113 1507 1185 1584 143,

74 1625 139 1672 cum
163 1608 288 1674 duobus
312 1609 466 1690 spondeis
490 1627 606 1675 versus
631 1614 683 1689 82,
709 1627 781 1673 cum
804 1608 912 1675 tribus
937 1615 987 1672 31.

155 1714 320 1781 Rationes
345 1716 546 1800 singulorum
569 1715 687 1796 pedum
710 1715 772 1781 has
794 1716 916 1782 habes:

154 1820 238 1902 pede
261 1821 363 1903 primo
387 1821 525 1903 spondei
550 1825 623 1903 135,
649 1821 777 1905 dactyli
804 1829 875 1898 164,
900 1822 920 1887 i.
937 1841 965 1887 e.
991 1827 1107 1900 1:1‚2.

191 1977 206 2007 „
263 1929 405 1994 secundo
447 1979 461 2006 „
548 1933 619 2010 133,
703 1977 715 2001 „
804 1934 875 2004 166,
926 1975 940 2002 „
992 1933 1108 2005 1:1,2

192 2082 205 2109 „
262 2034 365 2101 tertio
449 2080 462 2107 „
568 2040 620 2115 87,
705 2081 718 2107 ‚‚
801 2039 875 2117 212,
923 2081 937 2110 ,
992 2040 1109 2117 112,4.

192 2189 205 2216 „
263 2146 381 2220 quarto
450 2190 462 2210 .
569 2147 622 2220 44,
706 2190 719 2215 ,,
802 2147 877 2221 255,
927 2189 940 2216 „
992 2147 1107 2219 1:5,8.

193 2297 207 2328 ,,
262 2248 376 2326 quinto
452 2300 466 2320 „
596 2254 623 2326 1,
706 2294 719 2320 ,,
801 2253 875 2329 298,
927 2299 941 2327 ,.
993 2252 1118 2312 11298.

158 2352 381 2436 Spondeorum
405 2355 502 2420 sedes
525 2356 587 2419 has
610 2354 801 2419 observavi:

152 2453 284 2528 'Versus
307 2481 380 2527 cum
403 2481 465 2527 uno
489 2462 648 2542 spondeo:
671 2461 804 2541 ponitur
828 2462 990 2542 spondeus

243 2644 245 2648 ¹
357 2569 392 2634 in
415 2568 498 2651 pede
521 2566 625 2649 primo
672 2568 899 2634 1616116656.

372 2720 385 2749 „
452 2723 465 2750 „
524 2675 666 2740 seeundo
747 2720 761 2749 „
855 2682 906 2738 51.

373 2828 387 2855 „
453 2831 468 2862 „
524 2782 627 2847 161116
750 2828 763 2854 „
855 2787 906 2844 29.

373 2937 388 2967 ,,
425 2915 470 2965 ·„
526 2893 644 2967 quarto
750 2937 765 2966 „
878 2893 907 2950 7.

159 2991 250 3060 Duos
274 2994 434 3075 spondeos
457 2993 548 3060 hisce
571 2993 709 3075 pedibus
733 2994 849 3059 habes:

242 3099 395 3183 pedibus:
419 3100 523 3181 primo
540 3104 576 3165 et
591 3100 748 3166 secundo:
772 3099 935 3167 versibus:
963 3106 1015 3165 24.

313 3252 326 3281 „
419 3207 523 3288 primo
547 3213 583 3272 et
606 3206 722 3273 tertio:
855 3254 868 3281 „
966 3213 1015 3272 17.

315 3359 328 3385 a
421 3313 525 3394 primo
549 3320 585 3379 61
609 3320 741 3395 quarto:
857 3361 870 3387 „
987 3320 1016 3376 9.

314 3466 327 3491 „
422 3420 564 3486 secundo
588 3429 623 3486 61
646 3421 762 3486 tertio:
856 3468 868 3495 ,
967 3427 1017 3484 18.

313 3572 328 3600 „
421 3527 563 3592 secundo
588 3532 623 3593 et
646 3537 778 3608 quarto:
857 3574 870 3602 „
968 3533 1017 3592 12.

314 3679 327 3705 „
422 3634 563 3700 secundo
587 3639 623 3700 61
646 3636 773 3715 quinto:
858 3681 870 3709 „
990 3642 1018 3698 1.

313 3785 327 3815 „
420 3741 522 3806 tertio
546 3747 581 3807 61
605 3747 737 3822 quarto:
859 3787 872 3816 „
991 3748 1018 3804 1.

165 3844 245 3913 Tres
268 3847 430 3928 spondeos
453 3847 548 3915 vides
572 3848 620 3914 sio
643 3848 732 3914 inter
755 3849 855 3930 pedes
880 3847 1091 3913 distributos:

194 3953 344 4035 pedibus:
369 3954 482 4036 primo,
507 3955 658 4038 secundo,
683 3955 800 4021 tertio:
824 3953 988 4022 versibus:
1015 3959 1066 4019 16.

257 4108 270 4138 „
368 4062 482 4145 primo,
508 4062 659 4143 secundo,
685 4069 819 4142 quarto:
899 4108 912 4136 „
1037 4067 1067 4125 9.

256 4216 273 4249 „
369 4169 483 4252 primo,
507 4170 622 4250 tertio,
645 4175 777 4248 quarto:
899 4215 912 4241 „
1036 4174 1067 4232 4.

258 4321 272 4352 „
370 4277 523 4358 secundo,
547 4276 660 4356 tertio,
685 4282 817 4358 quarto:
899 4322 912 4348 „
1038 4281 1067 4338 2.
