2946 4852
649 1047 796 1168 caput
826 1048 1030 1145 tertium.

236 1222 239 1227 ’
301 1208 357 1281 De
380 1207 470 1279 libri
493 1207 683 1279 undecimi
705 1205 959 1293 Anthologiae
982 1205 1178 1277 Palatinae
1201 1207 1382 1278 fontibus.

370 1387 544 1455 Undecimi
572 1386 650 1453 libri
672 1385 899 1470 Anthologiae
922 1386 1104 1453 Palatinae
1127 1386 1237 1453 fontes
1261 1387 1399 1472 indaga-

281 1503 376 1563 turus
398 1512 644 1578 praemoneam,
673 1513 738 1560 non
766 1513 829 1575 quo
852 1493 1080 1575 Cephalanum
1108 1513 1181 1560 esse
1209 1495 1271 1560 hoo
1299 1502 1401 1579 caput

282 1601 437 1686 dubitem,
455 1600 682 1683 quaestionem
698 1619 750 1666 me
764 1601 963 1682 instituisse,
986 1602 1045 1667 sed
1062 1621 1133 1667 curn
1149 1621 1282 1684 prorsus
1299 1603 1400 1668 aliam

282 1709 424 1792 speciem
447 1726 527 1791 prae
552 1727 587 1774 sc
611 1708 699 1774 ferre
714 1707 936 1788 unusquisque
951 1708 1055 1789 primo
1072 1710 1191 1775 obtutu
1206 1709 1400 1791 perspiciat.

282 1817 397 1898 Ipsum
428 1814 685 1882 Constantinum
713 1814 894 1896 Cephalon
929 1816 990 1880 hoc
1021 1833 1146 1896 quoque
1174 1817 1402 1899 Anthologiae

220 1928 222 1932 ’
283 1920 504 2003 composuisse
534 1925 634 2002 caput
662 1940 703 1987 nc
727 1920 861 1986 minima
882 1920 1012 2002 quidem
1034 1920 1198 1986 dubitatio
1223 1922 1400 2005 subrepere

282 2032 404 2109 potest,
429 2046 502 2093 cum
527 2026 766 2109 suprascriptio
790 2027 895 2093 totius
919 2027 1041 2110 capitis
1064 2026 1231 2092 simillima
1254 2027 1301 2092 sit
1324 2030 1400 2094 reli-

283 2153 419 2215 quorum
434 2140 526 2200 certe
542 2134 806 2217 Cephalanornm
825 2134 969 2216 capitum
983 2135 1118 2204 V.—X.
1136 2138 1171 2200 et
1186 2135 1273 2198 XII.
1315 2134 1400 2201 Gon·

285 2239 374 2306 ieras
398 2259 535 2321 quaeso,
565 2260 650 2322 quae
675 2241 778 2322 capiti
801 2240 971 2306 undecimo
995 2241 1187 2324 praeposuit
1211 2248 1400 2323 excerptor:

283 2344 376 2427 Ἀρχὴ
399 2350 584 2410 σκωπτικῶν
608 2347 726 2433 (codex
741 2349 939 2432 σκοπτικων).
985 2346 1025 2410 Τὸ
1048 2347 1241 2422 συμποτικὸν
1265 2349 1347 2423 εἶδος
1370 2351 1403 2411 ἐκ

284 2453 484 2528 σκωμμάτων
507 2455 660 2532 σύγκειται
675 2460 727 2517 καὶ
748 2458 914 2536 συμβολῆς,
939 2462 1006 2517 τῶν
1025 2457 1168 2517 παλαιῶν
1185 2452 1229 2516 ἀεὶ
1245 2454 1329 2534 παρά
1346 2454 1403 2518 τὸν

284 2559 384 2623 πάτον
419 2557 574 2638 ἀλλήλους
604 2558 901 2640 ἀποσχεθιαζόντων
911 2566 943 2642 ¹).
993 2557 1048 2623 ‘'Iv'
1082 2558 1142 2623 οὖν
1171 2565 1248 2641 μηδὲ
1280 2561 1404 2624 τούτων

285 2664 423 2746 ἀμοιβάς,
448 2671 499 2729 καὶ
521 2668 555 2744 ἐξ
578 2667 683 2731 αὐτῶν
707 2665 845 2746 ὑπέταξα
860 2665 900 2731 τά
920 2666 1094 2742 ἐμπεσόντα
1115 2686 1187 2732 oum
1209 2667 1304 2733 initio
1326 2668 1403 2734 libri

285 2773 400 2855 quinti,
425 2774 481 2839 nbi
503 2775 608 2840 habes
632 2775 734 2857 ipsius
759 2774 928 2857 Osphalac
951 2773 1145 2841 versiculos:

372 2882 464 2955 Νέοις
487 2878 639 2944 ἀνάπτων
662 2886 790 2962 καρδίας
812 2879 914 2960 σοφὴν
937 2884 1026 2962 ζέσιν,

374 2983 473 3067 ἀρχὴν
492 2985 619 3068 Ἔρωτα
644 2997 710 3053 των
734 2990 841 3067 λόγων
863 2987 1043 3068 ποιήσομαιε

372 3095 496 3174 πυρσὸν
520 3094 579 3177 γάρ
604 3091 697 3171 οὗτος
719 3096 882 3174 ἐξανάπτει
905 3110 973 3170 τοῖς
995 3095 1110 3172 λόγοις,

286 3200 404 3266 deinde
433 3220 506 3268 cum
528 3204 590 3273 VI.
615 3204 738 3286 eapitis
766 3203 913 3270 exordio:
950 3199 1029 3281 ἀρχὴ
1066 3208 1130 3263 τῶν
1161 3198 1405 3278 ἀναθηματικῶν

285 3306 544 3386 ἐπιγραμμάτων,
577 3310 662 3391 quod
691 3310 853 3392 sequitur:
886 3307 965 3388 ἀρχὴ
996 3311 1052 3381 pic
1082 3304 1163 3386 ἡμῖν,
1195 3303 1239 3380 ὥς
1265 3310 1358 3384 φησὶν
1386 3304 1405 3384 ἦ

286 3421 351 3476 των
373 3415 532 3493 ἐρωτικῶν
555 3417 797 3497 ἐπιγραμμάτων
820 3417 948 3490 ἐκθεσις,
973 3415 1131 3493 γεγένηται
1154 3413 1273 3476 σκότον
1290 3412 1407 3489 ἐχουσα

286 3518 343 3600 τὴν
371 3519 428 3600 σὴν
455 3521 566 3600 ἐξάψαι
596 3523 747 3587 διάνοιαν.
794 3528 835 3586 Εἰ
860 3529 970 3587 τοίνυν
998 3523 1155 3600 γεγένηται
1180 3517 1216 3582 τὸ
1239 3522 1405 3597 προτεθὲν,

286 3627 333 3688 ἐπὶ
361 3625 419 3706 τὴν
446 3631 511 3691 τῶν
539 3627 782 3710 ἀναθηματικων
810 3627 988 3708 ἀνάγνωσιν
1015 3628 1167 3706 μετάβηθι
1189 3648 1196 3662 ·
1218 3627 1262 3704 εἴη
1292 3628 1324 3687 δὲ
1355 3630 1408 3686 καὶ

286 3731 333 3794 ἐπ’
359 3731 454 3812 αὐτῆς
481 3731 556 3814 ἡμῖν
580 3734 751 3818 ἀνυσθῆναι
780 3737 817 3799 τὸ
845 3734 1119 3815 σπουδαζόμενον;
1148 3731 1260 3798 confer
1284 3731 1408 3813 capitis

288 3837 421 3920 septimi
443 3840 586 3907 initium:
612 3849 670 3907 Καὶ
692 3841 710 3906 ὃ
731 3850 798 3907 τῶν
814 3840 1060 3922 ἀναθηματικῶν
1075 3838 1148 3918 ἡμῖν
1163 3836 1409 3916 ἐπιγραμμάτων

287 3944 448 4025 χαρακτὴρ
471 3947 669 4029 πεπλήρωται
690 3953 805 4025 ἱκανῶς
827 3949 919 4027 ἔχων,
949 3946 992 4021 ὡς
1011 3943 1147 4021 ἐμαυτὸν
1166 3951 1275 4007 πείθω.
1315 3952 1408 4006 Μετι-

287 4059 360 4122 τέον
389 4049 448 4115 οὖν
476 4051 522 4131 ἐφ’
553 4055 659 4137 ἕτερον
688 4057 748 4120 οὐκ
776 4053 935 4137 ἀχρηστον
963 4051 1031 4118 οὐδ’
1057 4053 1203 4131 ἀνωφελῆ
1231 4055 1352 4131 κινῆσαί
1373 4075 1408 4114 τε

288 4147 457 4240 (Reiskius
480 4182 540 4245 pro
556 4168 688 4246 λαλῆσαί
702 4162 746 4249 τε)
771 4169 821 4256 καὶ
838 4161 918 4243 πρὸς
932 4160 1036 4235 πάθος
1059 4156 1186 4237 ἀγαγεῖν
1207 4157 1281 4233 τοὺς
1296 4159 1407 4235 ἐντυγ-

379 4350 400 4419 1)
418 4346 464 4402 Sic
482 4337 576 4411 codex,
596 4356 676 4408 quem
693 4342 753 4410 ipse
771 4337 886 4408 inspexi,
905 4352 958 4391 non
977 4332 1247 4399 αὐτοσχεδιαζόντων.
