2946 4852
524 377 741 434 ..55-

76 571 142 618 non
171 555 325 634 possunt,
358 568 431 615 cum
458 549 678 630 alphabetiois
710 567 836 630 quoque
867 547 1033 614 ordinibus
1064 547 1192 614 inserta

78 677 153 725 esse
176 656 318 736 ἰσόψηφα
341 655 466 723 videas.

165 765 240 830 Iam
252 764 432 844 videamus,
450 762 559 828 sintne
576 762 644 827 alia
660 780 786 843 quoque
804 761 1046 845 epigrammata
1058 767 1194 843 propter

75 873 163 937 hanc
186 890 259 937 oum
279 869 424 951 Philippi
448 886 569 933 corona
592 867 802 934 adfinitatem
817 867 1048 936 Alexandrino
1069 867 1193 933 maiore

78 979 150 1043 iuro
174 995 271 1057 quam
294 976 475 1042 Tarentino
500 975 756 1040 adnumeranda.

164 1083 231 1148 IX.
266 1087 316 1148 42.
348 1081 479 1145 Ἰουλίου
510 1085 676 1157 adoniden,
712 1081 801 1147 inter
837 1081 1029 1163 Philippeos
1059 1087 1192 1162 poetas

78 1194 249 1268 ἰσοψηφίαν
273 1188 373 1253 aliam
396 1207 460 1252 non
482 1188 595 1253 inveni
618 1187 682 1253 nisi
702 1188 803 1253 hanc:
829 1193 914 1250 8011
932 1212 940 1249 =
959 1193 1055 1268 8051,
1079 1187 1193 1267 itaque

78 1295 203 1376 aliquid
227 1301 414 1376 corruptum
438 1313 511 1360 esse
537 1300 679 1361 constat.

164 1404 231 1469 IX.
264 1407 315 1465 98.
354 1405 521 1495 Acmuidoo
552 1406 757 1482 Ταραντίνους
792 1402 951 1469 insertum
988 1408 1041 1468 est
1069 1403 1195 1485 longae

76 1510 322 1591 Philippeorum
351 1509 623 1592 epigrammatum
653 1507 766 1581 seriei,
797 1509 848 1597 ita
876 1514 914 1573 ut
936 1508 1112 1575 Tarentini
1139 1527 1195 1574 no·

76 1616 320 1682 minismentio
344 1616 448 1681 locum
472 1634 538 1681 non
560 1616 699 1692 habeat3
730 1617 772 1680 ab
795 1614 1024 1681 Alexandrino
1051 1634 1116 1680 non
1139 1617 1198 1680 ab·-

77 1724 206 1802 horrot,
241 1722 372 1787 etiamsi
399 1721 468 1786 tria
491 1721 697 1788 inveniamus
721 1721 878 1801 disticha,
911 1741 1004 1802 quae,
1037 1728 1196 1802 quantum

76 1829 162 1902 vidi,
194 1833 347 1909 ἰσοψηφίᾳ
374 1829 463 1893 nullo
491 1828 584 1894 modo
612 1828 702 1894 inter
728 1847 765 1893 sc
794 1828 969 1893 coniuncta
997 1833 1082 1895 suut.
1130 1826 1196 1892 Sed

78 1937 151 2016 quis
167 1935 410 2002 demonstravit
422 1935 604 2000 Leonidam
616 1933 880 2000 Alexandrinum
896 1935 965 2001 alia
978 1935 1042 2001 nisi
1055 1934 1199 2013 ἰσόψηφον

78 2061 143 2108 111
166 2039 425 2122 conscripsisse?
459 2041 680 2124 Weigandins
697 2041 896 2118 adfirmavit,
919 2042 979 2108 sod
998 2041 1028 2108 si
1043 2059 1197 2107 numeros

82 2152 318 2230 computasset,
343 2166 408 2212 non
424 2147 643 2228 adfirmasset,
667 2155 757 2229 puto.
806 2147 913 2214 Credo
928 2148 1033 2230 igitur
1047 2147 1200 2213 Alexan·

81 2255 209 2320 drinnm
236 2253 419 2319 Leonidam
449 2273 513 2319 non
545 2255 617 2319 sola
643 2252 784 2333 ἰσόψηφα
812 2255 1041 2336 composuisse.
1095 2253 1196 2320 (iuius

79 2380 171 2427 meae
208 2361 397 2427 sententiae
431 2360 600 2442 egregium
637 2362 743 2426 haheo
783 2367 1012 2445 argumentum
1051 2361 1197 2426 carmine
1241 2345 1245 2354 ⁴

78 2469 145 2532 IX.
174 2473 248 2530 107.
293 2466 507 2532 Antecedens
536 2467 740 2549 epigramma
766 2474 837 2531 106.
867 2466 1024 2546 ἰσόψηφον
1052 2486 1125 2533 osse
1148 2466 1196 2534 vi·

81 2574 201 2652 dimns3
231 2573 298 2639 iam
320 2574 478 2640 habemus
502 2581 560 2636 τοῦ
583 2572 695 2655 αὐτοῡ;
728 2592 831 2640 causa
852 2593 918 2640 non
942 2581 1003 2652 est,
1034 2593 1091 2640 cur
1112 2575 1198 2640 Leo·

78 2681 176 2746 nidae
201 2679 434 2745 ahiudicemus.
473 2680 540 2745 IX.
561 2685 632 2744 179.
657 2681 817 2760 ἰσόψηφον
841 2699 914 2746 esse
935 2680 1115 2748 verisimile
1131 2687 1195 2762 est,

79 2789 136 2853 sed
160 2787 287 2854 numeri
312 2805 376 2851 non
401 2787 529 2852 omnino
552 2784 727 2867 quadrant,
753 2792 838 2850 8449
856 2811 865 2855 ι
883 2791 983 2868 8490,
1008 2792 1198 2868 corruptum

78 2895 182 2977 igitur
206 2899 260 2960 est
284 2893 417 2972 aliquid.

167 3001 289 3080 Itaque
323 2999 457 3081 scripsit
487 2999 655 3066 Leonidas
689 2999 843 3079 ἰσόψηφα,
880 3001 1032 3066 ethaeo
1067 2999 1198 3080 quidem

82 3110 297 3185 μονοὸἰοτιχο,
328 3107 379 3172 ita
406 3112 445 3173 ut
475 3107 661 3173 hexametri
687 3108 877 3173 litterarum
904 3126 1057 3173 numerus
1080 3112 1197 3189 penta·

83 3214 179 3280 metri
202 3213 346 3279 numeris
374 3215 603 3296 responderet,
636 3221 696 3281 aut
725 3216 859 3281 duorum
887 3214 1101 3280 distichorum
1130 3214 1197 3296 opi-

83 3331 281 3402 grammata‚
312 3321 364 3387 ita
391 3328 430 3386 ut
457 3322 711 3402 uniuscuiusque
739 3322 874 3388 distichi
902 3322 1028 3387 numeri
1057 3322 1198 3388 alterius

83 3427 205 3494 litteris
227 3427 480 3510 responderent3
505 3429 642 3510 scripsit
658 3434 769 3495 autem
786 3434 821 3492 et
837 3428 936 3494 trium
955 3428 1198 3510 epigrammata

85 3534 310 3608 distichorum,
345 3552 387 3599 ea
418 3540 550 3600 tantum
581 3553 645 3599 non
676 3533 826 3614 ἰσόψηφα.
877 3535 1000 3615 Itaque
1031 3534 1202 3615 paululumv

85 3641 275 3725 corrigenda
288 3646 365 3707 sunt
384 3641 586 3706 scholiastae
598 3643 702 3708 verba
715 3641 837 3707 codicis
849 3641 1002 3707 Palatini
1014 3640 1057 3722 (p.
1070 3640 1198 3720 415.V):

85 3743 127 3810 ὅτι
149 3747 253 3811 πάντα
276 3745 317 3829 τὰ
336 3746 551 3828 ἐπιγράμματα
574 3752 734 3811 Λεωνίδου
754 3748 900 3827 ἰσόψηφα
922 3764 929 3778 ·
952 3749 982 3809 οἱ
1010 3745 1069 3809 δύο
1098 3751 1198 3823 στίχοι

85 3850 286 3919 ἀποτελοῦσιν
308 3850 446 3933 ἀριθμὸν
469 3859 520 3916 καί
544 3857 573 3916 oi
596 3853 655 3917 odo
679 3851 807 3930 ὁμοίως.

168 3961 274 4028 Iulius
295 3961 463 4027 Leonidas
486 3960 831 4043 Α111111111111111
855 3960 937 4027 dicit
960 3979 997 4026 se
1020 3960 1064 4026 ad
1083 3959 1199 4026 Nilum

84 4075 195 4133 natum
218 4085 308 4133 esse:
335 4065 377 4132 cf.
401 4068 467 4133 IX.
494 4073 608 4142 355,2:

168 4171 252 4238 τοῦτ’
278 4170 340 4235 ἀπὸ
365 4181 572 4251 Νειλογενοῦς
595 4175 667 4250 δέξο
691 4177 852 4237 Λεωνίδεω

86 4286 118 4346 et
140 4282 207 4348 IX.
232 4286 344 4362 353,4:
370 4283 464 4343 τοῦτο
482 4327 595 4349 .....
611 4283 621 4344 ’.
696 4317 700 4323 -
