<?xml version="1.0" encoding="UTF-8"?>
<!DOCTYPE html PUBLIC "-//W3C//DTD XHTML 1.0 Transitional//EN"
    "http://www.w3.org/TR/xhtml1/DTD/xhtml1-transitional.dtd">
<html xmlns="http://www.w3.org/1999/xhtml" xml:lang="en" lang="en">
 <head>
  <title>
</title>
<meta http-equiv="Content-Type" content="text/html;charset=utf-8" />
  <meta name='ocr-system' content='tesseract 3.04.00' />
  <meta name='ocr-capabilities' content='ocr_page ocr_carea ocr_par ocr_line ocrx_word'/>
</head>
<body>
  <div class='ocr_page' id='page_1' title='image "./deanthologiapal01sakogoog_0016.png"; bbox 0 0 2946 4852; ppageno 0'>
   <div class='ocr_carea' id='block_1_1' title="bbox 637 358 830 424">
    <p class='ocr_par' dir='ltr' id='par_1_1' title="bbox 637 358 830 424">
     <span class='ocr_line' id='line_1_1' title="bbox 637 358 830 424; baseline 0 -18"><span class='ocrx_word' id='word_1_1' title='bbox 637 358 830 424; x_wconf 63' lang='lat'>„7-</span> 
     </span>
    </p>
   </div>
   <div class='ocr_carea' id='block_1_2' title="bbox 174 535 1291 2116">
    <p class='ocr_par' dir='ltr' id='par_1_2' title="bbox 174 535 1291 922">
     <span class='ocr_line' id='line_1_2' title="bbox 175 535 1288 621; baseline 0.005 -21"><span class='ocrx_word' id='word_1_2' title='bbox 175 535 327 601; x_wconf 88' lang='lat' dir='ltr'>Palatini</span> <span class='ocrx_word' id='word_1_3' title='bbox 355 544 389 601; x_wconf 88' lang='lat' dir='ltr'>et</span> <span class='ocrx_word' id='word_1_4' title='bbox 412 537 576 602; x_wconf 87' lang='lat' dir='ltr'>Marciani</span> <span class='ocrx_word' id='word_1_5' title='bbox 603 556 701 618; x_wconf 88' lang='lat' dir='ltr'>quam</span> <span class='ocrx_word' id='word_1_6' title='bbox 725 537 995 604; x_wconf 81' lang='lat' dir='ltr'>accuratissimos</span> <span class='ocrx_word' id='word_1_7' title='bbox 1026 539 1104 605; x_wconf 91' lang='lat' dir='ltr'>mihi</span> <span class='ocrx_word' id='word_1_8' title='bbox 1126 540 1288 621; x_wconf 82' lang='lat' dir='ltr'>permisit.</span> 
     </span>
     <span class='ocr_line' id='line_1_3' title="bbox 174 631 1291 726; baseline 0.004 -19"><span class='ocrx_word' id='word_1_9' title='bbox 174 643 311 724; x_wconf 85' lang='lat' dir='ltr'>Itaque,</span> <span class='ocrx_word' id='word_1_10' title='bbox 347 643 376 708; x_wconf 95' lang='lat' dir='ltr'>si</span> <span class='ocrx_word' id='word_1_11' title='bbox 411 643 478 708; x_wconf 89' lang='lat' dir='ltr'>alia</span> <span class='ocrx_word' id='word_1_12' title='bbox 512 640 655 725; x_wconf 87' lang='lat' dir='ltr'>praebeo</span> <span class='ocrx_word' id='word_1_13' title='bbox 690 631 790 725; x_wconf 88' lang='lat' dir='ltr'>atque</span> <span class='ocrx_word' id='word_1_14' title='bbox 826 644 1002 726; x_wconf 89' lang='lat' dir='ltr'>editiones,</span> <span class='ocrx_word' id='word_1_15' title='bbox 1043 645 1165 726; x_wconf 89' lang='lat' dir='ltr'>optimo</span> <span class='ocrx_word' id='word_1_16' title='bbox 1199 647 1291 713; x_wconf 90' lang='lat' dir='ltr'>nitor</span> 
     </span>
     <span class='ocr_line' id='line_1_4' title="bbox 176 749 1289 834; baseline 0.005 -20"><span class='ocrx_word' id='word_1_17' title='bbox 176 755 321 814; x_wconf 91' lang='lat' dir='ltr'>auctore.</span> <span class='ocrx_word' id='word_1_18' title='bbox 365 749 574 815; x_wconf 78' lang='lat' dir='ltr'><strong>Accedamus</strong></span> <span class='ocrx_word' id='word_1_19' title='bbox 598 750 702 833; x_wconf 92' lang='lat' dir='ltr'>igitur</span> <span class='ocrx_word' id='word_1_20' title='bbox 725 751 768 815; x_wconf 88' lang='lat' dir='ltr'>ad</span> <span class='ocrx_word' id='word_1_21' title='bbox 792 751 923 834; x_wconf 86' lang='lat' dir='ltr'>singula</span> <span class='ocrx_word' id='word_1_22' title='bbox 947 751 1188 834; x_wconf 87' lang='lat' dir='ltr'>epigrammata</span> <span class='ocrx_word' id='word_1_23' title='bbox 1212 773 1289 820; x_wconf 85' lang='lat' dir='ltr'>exa·</span> 
     </span>
     <span class='ocr_line' id='line_1_5' title="bbox 175 857 419 922; baseline 0 -1"><span class='ocrx_word' id='word_1_24' title='bbox 175 857 341 922; x_wconf 90' lang='lat' dir='ltr'>minanda.</span> <span class='ocrx_word' id='word_1_25' title='bbox 418 887 419 890; x_wconf 37' lang='lat'>¹</span> 
     </span>
    </p>

    <p class='ocr_par' dir='ltr' id='par_1_3' title="bbox 174 963 1291 2116">
     <span class='ocr_line' id='line_1_6' title="bbox 264 963 1289 1048; baseline 0.005 -20"><span class='ocrx_word' id='word_1_26' title='bbox 264 964 317 1028; x_wconf 92' lang='lat' dir='ltr'>De</span> <span class='ocrx_word' id='word_1_27' title='bbox 345 963 488 1045; x_wconf 89' lang='lat' dir='ltr'>genuina</span> <span class='ocrx_word' id='word_1_28' title='bbox 519 963 674 1030; x_wconf 84' lang='lat' dir='ltr'>carminis</span> <span class='ocrx_word' id='word_1_29' title='bbox 697 965 764 1029; x_wconf 87' lang='lat' dir='ltr'>IX.</span> <span class='ocrx_word' id='word_1_30' title='bbox 791 970 863 1028; x_wconf 80' lang='lat'>572.</span> <span class='ocrx_word' id='word_1_31' title='bbox 895 965 1021 1048; x_wconf 84' lang='lat' dir='ltr'>origine</span> <span class='ocrx_word' id='word_1_32' title='bbox 1053 966 1185 1031; x_wconf 90' lang='lat' dir='ltr'>dubium</span> <span class='ocrx_word' id='word_1_33' title='bbox 1216 969 1289 1033; x_wconf 52' lang='lat' dir='ltr'>sub*</span> 
     </span>
     <span class='ocr_line' id='line_1_7' title="bbox 175 1071 1289 1154; baseline 0.004 -20"><span class='ocrx_word' id='word_1_34' title='bbox 175 1088 291 1151; x_wconf 89' lang='lat' dir='ltr'>repere</span> <span class='ocrx_word' id='word_1_35' title='bbox 313 1088 378 1134; x_wconf 93' lang='lat' dir='ltr'>non</span> <span class='ocrx_word' id='word_1_36' title='bbox 401 1075 523 1151; x_wconf 91' lang='lat' dir='ltr'>potest.</span> <span class='ocrx_word' id='word_1_37' title='bbox 562 1071 729 1136; x_wconf 85' lang='lat' dir='ltr'>Insertum</span> <span class='ocrx_word' id='word_1_38' title='bbox 755 1071 839 1136; x_wconf 93' lang='lat' dir='ltr'>enim</span> <span class='ocrx_word' id='word_1_39' title='bbox 864 1078 917 1137; x_wconf 91' lang='lat' dir='ltr'>est</span> <span class='ocrx_word' id='word_1_40' title='bbox 941 1072 1144 1154; x_wconf 84' lang='lat' dir='ltr'>epigramma</span> <span class='ocrx_word' id='word_1_41' title='bbox 1167 1075 1289 1139; x_wconf 90' lang='lat' dir='ltr'>ineam</span> 
     </span>
     <span class='ocr_line' id='line_1_8' title="bbox 175 1176 1290 1258; baseline 0.004 -18"><span class='ocrx_word' id='word_1_42' title='bbox 175 1176 251 1242; x_wconf 85' lang='lat' dir='ltr'>libri</span> <span class='ocrx_word' id='word_1_43' title='bbox 262 1177 341 1241; x_wconf 93' lang='lat' dir='ltr'>noni</span> <span class='ocrx_word' id='word_1_44' title='bbox 352 1183 490 1257; x_wconf 89' lang='lat' dir='ltr'>partem,</span> <span class='ocrx_word' id='word_1_45' title='bbox 508 1196 574 1258; x_wconf 87' lang='lat' dir='ltr'>qua</span> <span class='ocrx_word' id='word_1_46' title='bbox 585 1196 846 1258; x_wconf 89' lang='lat' dir='ltr'>quorumcunque</span> <span class='ocrx_word' id='word_1_47' title='bbox 864 1182 1037 1258; x_wconf 90' lang='lat' dir='ltr'>poetarum</span> <span class='ocrx_word' id='word_1_48' title='bbox 1053 1178 1144 1245; x_wconf 89' lang='lat' dir='ltr'>lusus</span> <span class='ocrx_word' id='word_1_49' title='bbox 1157 1180 1290 1245; x_wconf 81' lang='lat' dir='ltr'>collecti</span> 
     </span>
     <span class='ocr_line' id='line_1_9' title="bbox 176 1281 1290 1367; baseline 0.003 -19"><span class='ocrx_word' id='word_1_50' title='bbox 176 1287 263 1348; x_wconf 87' lang='lat' dir='ltr'>sunt.</span> <span class='ocrx_word' id='word_1_51' title='bbox 300 1281 461 1348; x_wconf 78' lang='lat' dir='ltr'>Conferas</span> <span class='ocrx_word' id='word_1_52' title='bbox 487 1288 558 1345; x_wconf 87' lang='grc'><strong>566.</strong></span> <span class='ocrx_word' id='word_1_53' title='bbox 584 1281 780 1348; x_wconf 76' lang='lat' dir='ltr'>Callimachi</span> <span class='ocrx_word' id='word_1_54' title='bbox 804 1303 845 1349; x_wconf 84' lang='lat' dir='ltr'>ex</span> <span class='ocrx_word' id='word_1_55' title='bbox 869 1283 1039 1367; x_wconf 80' lang='lat' dir='ltr'>Meleagri,</span> <span class='ocrx_word' id='word_1_56' title='bbox 1064 1291 1134 1351; x_wconf 92' lang='lat' dir='ltr'>tum</span> <span class='ocrx_word' id='word_1_57' title='bbox 1159 1289 1230 1351; x_wconf 84' lang='grc'>567.</span> <span class='ocrx_word' id='word_1_58' title='bbox 1255 1296 1290 1351; x_wconf 95' lang='lat' dir='ltr'>et</span> 
     </span>
     <span class='ocr_line' id='line_1_10' title="bbox 177 1390 1290 1472; baseline 0.005 -21"><span class='ocrx_word' id='word_1_59' title='bbox 177 1396 251 1455; x_wconf 81' lang='lat'><strong>568.</strong></span> <span class='ocrx_word' id='word_1_60' title='bbox 269 1410 310 1455; x_wconf 83' lang='lat' dir='ltr'>ex</span> <span class='ocrx_word' id='word_1_61' title='bbox 322 1390 468 1472; x_wconf 92' lang='lat' dir='ltr'>Philippi</span> <span class='ocrx_word' id='word_1_62' title='bbox 485 1390 621 1470; x_wconf 91' lang='lat' dir='ltr'>coronis,</span> <span class='ocrx_word' id='word_1_63' title='bbox 638 1390 718 1456; x_wconf 89' lang='lat' dir='ltr'>item</span> <span class='ocrx_word' id='word_1_64' title='bbox 733 1397 806 1454; x_wconf 82' lang='lat'>570.</span> <span class='ocrx_word' id='word_1_65' title='bbox 831 1392 976 1457; x_wconf 92' lang='lat' dir='ltr'>Medium</span> <span class='ocrx_word' id='word_1_66' title='bbox 991 1392 1026 1457; x_wconf 92' lang='lat' dir='ltr'>in</span> <span class='ocrx_word' id='word_1_67' title='bbox 1042 1393 1128 1457; x_wconf 93' lang='lat' dir='ltr'>hunc</span> <span class='ocrx_word' id='word_1_68' title='bbox 1143 1391 1290 1458; x_wconf 93' lang='lat' dir='ltr'>ordinem</span> 
     </span>
     <span class='ocr_line' id='line_1_11' title="bbox 175 1497 1288 1582; baseline 0.002 -19"><span class='ocrx_word' id='word_1_69' title='bbox 175 1497 385 1580; x_wconf 84' lang='lat' dir='ltr'>Empedoclis</span> <span class='ocrx_word' id='word_1_70' title='bbox 400 1516 517 1564; x_wconf 86' lang='lat' dir='ltr'>versus</span> <span class='ocrx_word' id='word_1_71' title='bbox 533 1498 689 1578; x_wconf 88' lang='lat' dir='ltr'>quosdam</span> <span class='ocrx_word' id='word_1_72' title='bbox 706 1498 932 1582; x_wconf 87' lang='lat' dir='ltr'>Anthologiae</span> <span class='ocrx_word' id='word_1_73' title='bbox 948 1506 1065 1565; x_wconf 85' lang='lat' dir='ltr'>auctor</span> <span class='ocrx_word' id='word_1_74' title='bbox 1080 1499 1288 1581; x_wconf 79' lang='lat' dir='ltr'>interposuit,</span> 
     </span>
     <span class='ocr_line' id='line_1_12' title="bbox 175 1604 1290 1692; baseline 0.001 -22"><span class='ocrx_word' id='word_1_75' title='bbox 175 1614 245 1670; x_wconf 91' lang='lat' dir='ltr'>tum</span> <span class='ocrx_word' id='word_1_76' title='bbox 262 1604 405 1679; x_wconf 69' lang='lat' dir='ltr'>Lucilli,</span> <span class='ocrx_word' id='word_1_77' title='bbox 433 1604 598 1669; x_wconf 86' lang='lat' dir='ltr'>Ammiani</span> <span class='ocrx_word' id='word_1_78' title='bbox 615 1607 701 1684; x_wconf 82' lang='lat'>(573.</span> <span class='ocrx_word' id='word_1_79' title='bbox 720 1610 805 1686; x_wconf 85' lang='lat'><strong>574)</strong></span> <span class='ocrx_word' id='word_1_80' title='bbox 831 1612 866 1671; x_wconf 91' lang='lat' dir='ltr'>et</span> <span class='ocrx_word' id='word_1_81' title='bbox 881 1605 1039 1671; x_wconf 88' lang='lat' dir='ltr'>Nicarchi</span> <span class='ocrx_word' id='word_1_82' title='bbox 1064 1607 1165 1692; x_wconf 82' lang='lat'>(576.)</span> <span class='ocrx_word' id='word_1_83' title='bbox 1188 1607 1290 1671; x_wconf 89' lang='lat' dir='ltr'>inter·</span> 
     </span>
     <span class='ocr_line' id='line_1_13' title="bbox 175 1711 1291 1796; baseline 0.001 -19"><span class='ocrx_word' id='word_1_84' title='bbox 175 1717 348 1794; x_wconf 85' lang='lat' dir='ltr'>rumpente</span> <span class='ocrx_word' id='word_1_85' title='bbox 379 1711 525 1792; x_wconf 92' lang='lat' dir='ltr'>Philippi</span> <span class='ocrx_word' id='word_1_86' title='bbox 548 1712 855 1778; x_wconf 81' lang='lat' dir='ltr'>Thessalonicensis</span> <span class='ocrx_word' id='word_1_87' title='bbox 880 1713 1119 1796; x_wconf 84' lang='lat' dir='ltr'>epigrammate</span> <span class='ocrx_word' id='word_1_88' title='bbox 1142 1713 1291 1780; x_wconf 88' lang='lat' dir='ltr'>carmina</span> 
     </span>
     <span class='ocr_line' id='line_1_14' title="bbox 174 1818 1290 1902; baseline 0.001 -18"><span class='ocrx_word' id='word_1_89' title='bbox 174 1818 274 1902; x_wconf 71' lang='lat' dir='ltr'>legis</span> <span class='ocrx_word' id='word_1_90' title='bbox 304 1818 452 1885; x_wconf 89' lang='lat' dir='ltr'>videmus</span> <span class='ocrx_word' id='word_1_91' title='bbox 480 1819 583 1901; x_wconf 90' lang='lat' dir='ltr'>igitur</span> <span class='ocrx_word' id='word_1_92' title='bbox 611 1838 683 1884; x_wconf 91' lang='lat' dir='ltr'>cum</span> <span class='ocrx_word' id='word_1_93' title='bbox 711 1819 848 1884; x_wconf 92' lang='lat' dir='ltr'>licentia</span> <span class='ocrx_word' id='word_1_94' title='bbox 877 1821 1019 1900; x_wconf 90' lang='lat' dir='ltr'>quadam</span> <span class='ocrx_word' id='word_1_95' title='bbox 1047 1820 1227 1902; x_wconf 79' lang='lat' dir='ltr'>Cephalum</span> <span class='ocrx_word' id='word_1_96' title='bbox 1255 1819 1290 1885; x_wconf 94' lang='lat' dir='ltr'>in</span> 
     </span>
     <span class='ocr_line' id='line_1_15' title="bbox 174 1925 1289 2010; baseline 0.004 -20"><span class='ocrx_word' id='word_1_97' title='bbox 174 1927 237 1992; x_wconf 92' lang='lat' dir='ltr'>hac</span> <span class='ocrx_word' id='word_1_98' title='bbox 263 1926 383 2008; x_wconf 90' lang='lat' dir='ltr'>capitis</span> <span class='ocrx_word' id='word_1_99' title='bbox 399 1925 478 1990; x_wconf 90' lang='lat' dir='ltr'>noni</span> <span class='ocrx_word' id='word_1_100' title='bbox 492 1926 657 2007; x_wconf 87' lang='lat' dir='ltr'>particula</span> <span class='ocrx_word' id='word_1_101' title='bbox 672 1926 841 1993; x_wconf 90' lang='lat' dir='ltr'>variarum</span> <span class='ocrx_word' id='word_1_102' title='bbox 856 1926 1085 1993; x_wconf 91' lang='lat' dir='ltr'>collectionum</span> <span class='ocrx_word' id='word_1_103' title='bbox 1101 1925 1289 2010; x_wconf 84' lang='lat' dir='ltr'>fragmenta</span> 
     </span>
     <span class='ocr_line' id='line_1_16' title="bbox 176 2050 391 2116; baseline -0.005 -19"><span class='ocrx_word' id='word_1_104' title='bbox 176 2050 391 2116; x_wconf 77' lang='lat' dir='ltr'>congessisse.</span> 
     </span>
    </p>
   </div>
   <div class='ocr_carea' id='block_1_3' title="bbox 174 2155 1293 2863">
    <p class='ocr_par' dir='ltr' id='par_1_4' title="bbox 174 2155 1293 2863">
     <span class='ocr_line' id='line_1_17' title="bbox 264 2155 1290 2240; baseline 0.002 -20"><span class='ocrx_word' id='word_1_105' title='bbox 264 2156 380 2236; x_wconf 89' lang='lat' dir='ltr'>Neque</span> <span class='ocrx_word' id='word_1_106' title='bbox 405 2157 504 2221; x_wconf 90' lang='lat' dir='ltr'>aliter</span> <span class='ocrx_word' id='word_1_107' title='bbox 526 2155 634 2222; x_wconf 91' lang='lat' dir='ltr'>iudico</span> <span class='ocrx_word' id='word_1_108' title='bbox 659 2156 699 2221; x_wconf 90' lang='lat' dir='ltr'>de</span> <span class='ocrx_word' id='word_1_109' title='bbox 723 2156 962 2240; x_wconf 85' lang='lat' dir='ltr'>epigrammate</span> <span class='ocrx_word' id='word_1_110' title='bbox 985 2157 1047 2226; x_wconf 89' lang='lat' dir='ltr'>VI.</span> <span class='ocrx_word' id='word_1_111' title='bbox 1068 2164 1140 2221; x_wconf 82' lang='lat'><strong>166.</strong></span> <span class='ocrx_word' id='word_1_112' title='bbox 1176 2158 1290 2224; x_wconf 82' lang='lat' dir='ltr'>Etiam</span> 
     </span>
     <span class='ocr_line' id='line_1_18' title="bbox 175 2262 1288 2347; baseline 0.003 -21"><span class='ocrx_word' id='word_1_113' title='bbox 175 2262 324 2328; x_wconf 88' lang='lat' dir='ltr'>hocloco</span> <span class='ocrx_word' id='word_1_114' title='bbox 341 2263 440 2328; x_wconf 86' lang='lat' dir='ltr'>trium</span> <span class='ocrx_word' id='word_1_115' title='bbox 456 2263 707 2346; x_wconf 89' lang='lat' dir='ltr'>praecipuarum</span> <span class='ocrx_word' id='word_1_116' title='bbox 723 2281 916 2330; x_wconf 91' lang='lat' dir='ltr'>coronarum</span> <span class='ocrx_word' id='word_1_117' title='bbox 932 2264 1116 2347; x_wconf 82' lang='lat' dir='ltr'>(Meleagri,</span> <span class='ocrx_word' id='word_1_118' title='bbox 1133 2263 1288 2346; x_wconf 86' lang='lat' dir='ltr'>Philippi,</span> 
     </span>
     <span class='ocr_line' id='line_1_19' title="bbox 175 2368 1290 2464; baseline 0.002 -30"><span class='ocrx_word' id='word_1_119' title='bbox 175 2368 363 2453; x_wconf 82' lang='lat' dir='ltr'>Agathiae)</span> <span class='ocrx_word' id='word_1_120' title='bbox 396 2370 646 2464; x_wconf 84' lang='lat' dir='ltr'>epigrammatis</span> <span class='ocrx_word' id='word_1_121' title='bbox 677 2370 977 2454; x_wconf 89' lang='lat' dir='ltr'>Diogenianeorum</span> <span class='ocrx_word' id='word_1_122' title='bbox 1008 2370 1154 2436; x_wconf 88' lang='lat' dir='ltr'>carmina</span> <span class='ocrx_word' id='word_1_123' title='bbox 1188 2371 1290 2436; x_wconf 92' lang='lat' dir='ltr'>inter·</span> 
     </span>
     <span class='ocr_line' id='line_1_20' title="bbox 174 2475 1290 2560; baseline 0 -18"><span class='ocrx_word' id='word_1_124' title='bbox 174 2476 308 2542; x_wconf 90' lang='lat' dir='ltr'>miscuit</span> <span class='ocrx_word' id='word_1_125' title='bbox 320 2475 560 2543; x_wconf 76' lang='lat' dir='ltr'>Constantinus</span> <span class='ocrx_word' id='word_1_126' title='bbox 570 2477 656 2560; x_wconf 85' lang='lat'>(164.</span> <span class='ocrx_word' id='word_1_127' title='bbox 669 2476 844 2557; x_wconf 90' lang='lat' dir='ltr'>Luciani¹)‚</span> <span class='ocrx_word' id='word_1_128' title='bbox 863 2483 932 2542; x_wconf 82' lang='lat'>165.</span> <span class='ocrx_word' id='word_1_129' title='bbox 945 2480 1137 2559; x_wconf 63' lang='grc' dir='ltr'><strong><em>Φολακκουῖ)</em></strong></span> <span class='ocrx_word' id='word_1_130' title='bbox 1151 2477 1290 2552; x_wconf 76' lang='lat' dir='ltr'>codices</span> 
     </span>
     <span class='ocr_line' id='line_1_21' title="bbox 175 2583 1293 2668; baseline 0 -20"><span class='ocrx_word' id='word_1_131' title='bbox 175 2583 403 2666; x_wconf 86' lang='lat' dir='ltr'>corrigendum</span> <span class='ocrx_word' id='word_1_132' title='bbox 426 2584 460 2648; x_wconf 94' lang='lat' dir='ltr'>in</span> <span class='ocrx_word' id='word_1_133' title='bbox 477 2583 632 2658; x_wconf 75' lang='grc' dir='ltr'><strong><em>Φλάκκου,</em></strong></span> <span class='ocrx_word' id='word_1_134' title='bbox 656 2601 721 2650; x_wconf 91' lang='lat' dir='ltr'>non</span> <span class='ocrx_word' id='word_1_135' title='bbox 738 2583 928 2668; x_wconf 78' lang='grc' dir='ltr'><strong><em>Φολαίκου);</em></strong></span> <span class='ocrx_word' id='word_1_136' title='bbox 954 2589 1135 2664; x_wconf 91' lang='lat' dir='ltr'>sequuntur</span> <span class='ocrx_word' id='word_1_137' title='bbox 1149 2585 1293 2666; x_wconf 90' lang='lat' dir='ltr'>posthac</span> 
     </span>
     <span class='ocr_line' id='line_1_22' title="bbox 174 2688 1290 2773; baseline 0.001 -18"><span class='ocrx_word' id='word_1_138' title='bbox 174 2689 349 2773; x_wconf 87' lang='lat' dir='ltr'>Agathiae</span> <span class='ocrx_word' id='word_1_139' title='bbox 362 2688 571 2756; x_wconf 87' lang='lat' dir='ltr'>Scholastici.</span> <span class='ocrx_word' id='word_1_140' title='bbox 596 2689 739 2754; x_wconf 89' lang='lat' dir='ltr'>Accedit</span> <span class='ocrx_word' id='word_1_141' title='bbox 752 2690 838 2770; x_wconf 91' lang='lat' dir='ltr'>quod</span> <span class='ocrx_word' id='word_1_142' title='bbox 849 2689 1049 2756; x_wconf 88' lang='lat' dir='ltr'>simillimum</span> <span class='ocrx_word' id='word_1_143' title='bbox 1062 2697 1290 2773; x_wconf 85' lang='lat' dir='ltr'>argumentum</span> 
     </span>
     <span class='ocr_line' id='line_1_23' title="bbox 174 2794 726 2863; baseline -0.013 0"><span class='ocrx_word' id='word_1_144' title='bbox 174 2796 336 2863; x_wconf 88' lang='lat' dir='ltr'>Lucillius</span> <span class='ocrx_word' id='word_1_145' title='bbox 359 2795 426 2860; x_wconf 83' lang='lat' dir='ltr'>XI.</span> <span class='ocrx_word' id='word_1_146' title='bbox 451 2798 524 2858; x_wconf 85' lang='grc'><strong>393.</strong></span> <span class='ocrx_word' id='word_1_147' title='bbox 548 2794 726 2860; x_wconf 88' lang='lat' dir='ltr'>tractavit.</span> 
     </span>
    </p>
   </div>
   <div class='ocr_carea' id='block_1_4' title="bbox 174 2902 1291 3427">
    <p class='ocr_par' dir='ltr' id='par_1_5' title="bbox 174 2902 1291 3427">
     <span class='ocr_line' id='line_1_24' title="bbox 264 2902 1290 3003; baseline 0.003 -19"><span class='ocrx_word' id='word_1_148' title='bbox 264 2916 337 2984; x_wconf 89' lang='lat' dir='ltr'>Iam</span> <span class='ocrx_word' id='word_1_149' title='bbox 370 2921 412 2985; x_wconf 92' lang='lat' dir='ltr'>ad</span> <span class='ocrx_word' id='word_1_150' title='bbox 445 2939 486 2985; x_wconf 90' lang='lat' dir='ltr'>ea</span> <span class='ocrx_word' id='word_1_151' title='bbox 520 2919 762 3003; x_wconf 89' lang='lat' dir='ltr'>epigrammata</span> <span class='ocrx_word' id='word_1_152' title='bbox 795 2921 1039 3002; x_wconf 89' lang='lat' dir='ltr'>perscrutanda</span> <span class='ocrx_word' id='word_1_153' title='bbox 1065 2902 1290 3003; x_wconf 72' lang='lat' dir='ltr'>pervenimus</span> 
     </span>
     <span class='ocr_line' id='line_1_25' title="bbox 175 3026 1291 3110; baseline -0.002 -18"><span class='ocrx_word' id='word_1_154' title='bbox 175 3046 261 3107; x_wconf 90' lang='lat' dir='ltr'>quae</span> <span class='ocrx_word' id='word_1_155' title='bbox 278 3028 350 3093; x_wconf 89' lang='lat' dir='ltr'>sola</span> <span class='ocrx_word' id='word_1_156' title='bbox 366 3027 505 3093; x_wconf 88' lang='lat' dir='ltr'>alterius</span> <span class='ocrx_word' id='word_1_157' title='bbox 521 3027 628 3094; x_wconf 90' lang='lat' dir='ltr'>utrius</span> <span class='ocrx_word' id='word_1_158' title='bbox 640 3026 867 3110; x_wconf 84' lang='lat' dir='ltr'>Anthologiae</span> <span class='ocrx_word' id='word_1_159' title='bbox 884 3027 1089 3094; x_wconf 88' lang='lat' dir='ltr'>auctoritate</span> <span class='ocrx_word' id='word_1_160' title='bbox 1105 3032 1291 3091; x_wconf 72' lang='grc' dir='ltr'><strong><em>Λουκιλλίου</em></strong></span> 
     </span>
     <span class='ocr_line' id='line_1_26' title="bbox 176 3133 1291 3219; baseline 0 -20"><span class='ocrx_word' id='word_1_161' title='bbox 176 3139 268 3214; x_wconf 86' lang='lat' dir='ltr'>sunt,</span> <span class='ocrx_word' id='word_1_162' title='bbox 299 3139 333 3199; x_wconf 90' lang='lat' dir='ltr'>et</span> <span class='ocrx_word' id='word_1_163' title='bbox 356 3134 390 3200; x_wconf 92' lang='lat' dir='ltr'>in</span> <span class='ocrx_word' id='word_1_164' title='bbox 413 3133 464 3199; x_wconf 92' lang='lat' dir='ltr'>his</span> <span class='ocrx_word' id='word_1_165' title='bbox 488 3133 590 3216; x_wconf 89' lang='lat' dir='ltr'>primo</span> <span class='ocrx_word' id='word_1_166' title='bbox 614 3134 685 3199; x_wconf 91' lang='lat' dir='ltr'>loco</span> <span class='ocrx_word' id='word_1_167' title='bbox 710 3134 749 3199; x_wconf 92' lang='lat' dir='ltr'>de</span> <span class='ocrx_word' id='word_1_168' title='bbox 772 3134 836 3219; x_wconf 84' lang='lat' dir='ltr'>eis,</span> <span class='ocrx_word' id='word_1_169' title='bbox 860 3153 944 3214; x_wconf 84' lang='lat' dir='ltr'>quae</span> <span class='ocrx_word' id='word_1_170' title='bbox 969 3140 1028 3199; x_wconf 89' lang='lat' dir='ltr'>aut</span> <span class='ocrx_word' id='word_1_171' title='bbox 1052 3135 1213 3200; x_wconf 90' lang='lat' dir='ltr'>Palatina</span> <span class='ocrx_word' id='word_1_172' title='bbox 1235 3135 1291 3201; x_wconf 90' lang='lat' dir='ltr'>vel</span> 
     </span>
     <span class='ocr_line' id='line_1_27' title="bbox 175 3239 1291 3323; baseline 0.001 -17"><span class='ocrx_word' id='word_1_173' title='bbox 175 3240 349 3306; x_wconf 90' lang='lat' dir='ltr'>Planudea</span> <span class='ocrx_word' id='word_1_174' title='bbox 377 3247 437 3307; x_wconf 92' lang='lat' dir='ltr'>aut</span> <span class='ocrx_word' id='word_1_175' title='bbox 463 3245 605 3321; x_wconf 87' lang='lat' dir='ltr'>utraque</span> <span class='ocrx_word' id='word_1_176' title='bbox 633 3240 761 3306; x_wconf 91' lang='lat' dir='ltr'>demum</span> <span class='ocrx_word' id='word_1_177' title='bbox 789 3239 995 3323; x_wconf 84' lang='lat' dir='ltr'>Anthologia</span> <span class='ocrx_word' id='word_1_178' title='bbox 1024 3240 1199 3306; x_wconf 87' lang='lat' dir='ltr'>Luciano</span> <span class='ocrx_word' id='word_1_179' title='bbox 1231 3241 1291 3307; x_wconf 88' lang='lat' dir='ltr'>tri·</span> 
     </span>
     <span class='ocr_line' id='line_1_28' title="bbox 174 3345 1250 3427; baseline -0.003 -14"><span class='ocrx_word' id='word_1_180' title='bbox 174 3349 330 3427; x_wconf 88' lang='lat' dir='ltr'>buuntur‚</span> <span class='ocrx_word' id='word_1_181' title='bbox 354 3347 508 3412; x_wconf 91' lang='lat' dir='ltr'>iudicium</span> <span class='ocrx_word' id='word_1_182' title='bbox 532 3347 619 3412; x_wconf 81' lang='lat' dir='ltr'>ferre</span> <span class='ocrx_word' id='word_1_183' title='bbox 643 3365 804 3413; x_wconf 90' lang='lat' dir='ltr'>conemur.</span> <span class='ocrx_word' id='word_1_184' title='bbox 1248 3345 1250 3347; x_wconf 78' lang='grc'><strong>’</strong></span> 
     </span>
    </p>
   </div>
   <div class='ocr_carea' id='block_1_5' title="bbox 175 3470 1292 3874">
    <p class='ocr_par' dir='ltr' id='par_1_6' title="bbox 175 3470 1292 3874">
     <span class='ocr_line' id='line_1_29' title="bbox 265 3470 1290 3556; baseline 0.001 -20"><span class='ocrx_word' id='word_1_185' title='bbox 265 3471 411 3537; x_wconf 83' lang='lat' dir='ltr'>Etiamsi</span> <span class='ocrx_word' id='word_1_186' title='bbox 437 3471 622 3553; x_wconf 90' lang='lat' dir='ltr'>nuperrime</span> <span class='ocrx_word' id='word_1_187' title='bbox 648 3470 806 3556; x_wconf 83' lang='lat' dir='ltr'>Settius³)</span> <span class='ocrx_word' id='word_1_188' title='bbox 831 3471 993 3555; x_wconf 89' lang='lat' dir='ltr'>singulari</span> <span class='ocrx_word' id='word_1_189' title='bbox 1016 3471 1126 3537; x_wconf 91' lang='lat' dir='ltr'>libello</span> <span class='ocrx_word' id='word_1_190' title='bbox 1151 3477 1290 3539; x_wconf 91' lang='lat' dir='ltr'>conatus</span> 
     </span>
     <span class='ocr_line' id='line_1_30' title="bbox 176 3576 1291 3669; baseline 0 -26"><span class='ocrx_word' id='word_1_191' title='bbox 176 3578 221 3644; x_wconf 91' lang='lat' dir='ltr'>sit</span> <span class='ocrx_word' id='word_1_192' title='bbox 239 3577 347 3643; x_wconf 90' lang='lat' dir='ltr'>omnia</span> <span class='ocrx_word' id='word_1_193' title='bbox 363 3576 673 3660; x_wconf 89' lang='lat' dir='ltr'>quinquagintatria</span> <span class='ocrx_word' id='word_1_194' title='bbox 689 3576 941 3659; x_wconf 88' lang='lat' dir='ltr'>epigrammata,</span> <span class='ocrx_word' id='word_1_195' title='bbox 959 3596 1043 3669; x_wconf 87' lang='lat' dir='ltr'>quae</span> <span class='ocrx_word' id='word_1_196' title='bbox 1062 3577 1096 3643; x_wconf 94' lang='lat' dir='ltr'>in</span> <span class='ocrx_word' id='word_1_197' title='bbox 1108 3578 1291 3645; x_wconf 81' lang='lat' dir='ltr'>Jacobitzii</span> 
     </span>
     <span class='ocr_line' id='line_1_31' title="bbox 176 3683 1291 3767; baseline 0.001 -18"><span class='ocrx_word' id='word_1_198' title='bbox 176 3684 332 3751; x_wconf 89' lang='lat' dir='ltr'>editionis</span> <span class='ocrx_word' id='word_1_199' title='bbox 361 3685 493 3750; x_wconf 91' lang='lat' dir='ltr'>minoris</span> <span class='ocrx_word' id='word_1_200' title='bbox 521 3683 686 3751; x_wconf 83' lang='lat' dir='ltr'>volumine</span> <span class='ocrx_word' id='word_1_201' title='bbox 708 3684 775 3750; x_wconf 93' lang='grc' dir='ltr'>ΠΙ.</span> <span class='ocrx_word' id='word_1_202' title='bbox 799 3684 960 3767; x_wconf 83' lang='lat' dir='ltr'>feruntur,</span> <span class='ocrx_word' id='word_1_203' title='bbox 990 3683 1218 3751; x_wconf 86' lang='lat' dir='ltr'>Samosatensi</span> <span class='ocrx_word' id='word_1_204' title='bbox 1241 3704 1291 3750; x_wconf 92' lang='lat' dir='ltr'>so·</span> 
     </span>
     <span class='ocr_line' id='line_1_32' title="bbox 175 3789 1292 3874; baseline 0 -17"><span class='ocrx_word' id='word_1_205' title='bbox 175 3792 309 3874; x_wconf 90' lang='lat' dir='ltr'>phistae</span> <span class='ocrx_word' id='word_1_206' title='bbox 332 3810 391 3874; x_wconf 89' lang='lat' dir='ltr'>pro</span> <span class='ocrx_word' id='word_1_207' title='bbox 415 3791 534 3874; x_wconf 89' lang='lat' dir='ltr'>spuriis</span> <span class='ocrx_word' id='word_1_208' title='bbox 558 3790 719 3872; x_wconf 88' lang='lat' dir='ltr'>evincere,</span> <span class='ocrx_word' id='word_1_209' title='bbox 745 3789 838 3872; x_wconf 90' lang='lat' dir='ltr'>eique</span> <span class='ocrx_word' id='word_1_210' title='bbox 862 3791 1041 3873; x_wconf 75' lang='lat' dir='ltr'>Bielerus4)</span> <span class='ocrx_word' id='word_1_211' title='bbox 1064 3791 1164 3874; x_wconf 88' lang='lat' dir='ltr'>plane</span> <span class='ocrx_word' id='word_1_212' title='bbox 1186 3792 1292 3859; x_wconf 88' lang='lat' dir='ltr'>adsti-</span> 
     </span>
    </p>
   </div>
   <div class='ocr_carea' id='block_1_6' title="bbox 267 4019 1158 4357">
    <p class='ocr_par' dir='ltr' id='par_1_7' title="bbox 267 4019 1158 4267">
     <span class='ocr_line' id='line_1_33' title="bbox 268 4019 1158 4090; baseline 0.007 -16"><span class='ocrx_word' id='word_1_213' title='bbox 268 4021 289 4084; x_wconf 76' lang='grc'>1)</span> <span class='ocrx_word' id='word_1_214' title='bbox 307 4020 371 4075; x_wconf 82' lang='lat' dir='ltr'>vide</span> <span class='ocrx_word' id='word_1_215' title='bbox 389 4019 462 4075; x_wconf 83' lang='lat' dir='ltr'>infra</span> <span class='ocrx_word' id='word_1_216' title='bbox 480 4038 544 4090; x_wconf 85' lang='lat' dir='ltr'>pag.</span> <span class='ocrx_word' id='word_1_217' title='bbox 566 4020 608 4076; x_wconf 92' lang='lat'>10.</span> <span class='ocrx_word' id='word_1_218' title='bbox 1155 4041 1158 4048; x_wconf 89' lang='grc'><strong>’</strong></span> 
     </span>
     <span class='ocr_line' id='line_1_34' title="bbox 267 4107 1146 4181; baseline -0.003 -16"><span class='ocrx_word' id='word_1_219' title='bbox 267 4109 467 4181; x_wconf 62' lang='lat' dir='ltr'>¹lKnuachius</span> <span class='ocrx_word' id='word_1_220' title='bbox 485 4127 529 4179; x_wconf 90' lang='lat' dir='ltr'>ap.</span> <span class='ocrx_word' id='word_1_221' title='bbox 549 4108 693 4166; x_wconf 81' lang='lat' dir='ltr'>Susamihl.</span> <span class='ocrx_word' id='word_1_222' title='bbox 712 4107 777 4164; x_wconf 84' lang='lat' dir='ltr'>hist.</span> <span class='ocrx_word' id='word_1_223' title='bbox 796 4108 852 4165; x_wconf 87' lang='lat' dir='ltr'>litt.</span> <span class='ocrx_word' id='word_1_224' title='bbox 871 4108 950 4164; x_wconf 72' lang='lat' dir='ltr'>Alen</span> <span class='ocrx_word' id='word_1_225' title='bbox 969 4108 1004 4163; x_wconf 88' lang='lat' dir='ltr'>Il.</span> <span class='ocrx_word' id='word_1_226' title='bbox 1023 4108 1084 4176; x_wconf 77' lang='lat' dir='ltr'>tna,</span> <span class='ocrx_word' id='word_1_227' title='bbox 1102 4111 1146 4163; x_wconf 68' lang='grc'>27.</span> 
     </span>
     <span class='ocr_line' id='line_1_35' title="bbox 267 4197 499 4267; baseline -0.004 -13"><span class='ocrx_word' id='word_1_228' title='bbox 267 4199 288 4267; x_wconf 80' lang='lat'>³)</span> <span class='ocrx_word' id='word_1_229' title='bbox 306 4198 362 4254; x_wconf 83' lang='lat' dir='ltr'>iam</span> <span class='ocrx_word' id='word_1_230' title='bbox 379 4197 499 4253; x_wconf 83' lang='lat' dir='ltr'>laudavi.</span> 
     </span>
    </p>

    <p class='ocr_par' dir='ltr' id='par_1_8' title="bbox 267 4287 913 4357">
     <span class='ocr_line' id='line_1_36' title="bbox 267 4287 913 4357; baseline -0.002 -14"><span class='ocrx_word' id='word_1_231' title='bbox 267 4287 289 4357; x_wconf 80' lang='lat'>⁴)</span> <span class='ocrx_word' id='word_1_232' title='bbox 308 4287 503 4343; x_wconf 86' lang='lat' dir='ltr'>Wochenschr.</span> <span class='ocrx_word' id='word_1_233' title='bbox 522 4287 542 4342; x_wconf 84' lang='lat' dir='ltr'>f.</span> <span class='ocrx_word' id='word_1_234' title='bbox 561 4287 645 4343; x_wconf 83' lang='lat' dir='ltr'>hlass.</span> <span class='ocrx_word' id='word_1_235' title='bbox 665 4287 736 4342; x_wconf 92' lang='lat' dir='ltr'>Phil.</span> <span class='ocrx_word' id='word_1_236' title='bbox 756 4287 833 4355; x_wconf 71' lang='lat'>1892,</span> <span class='ocrx_word' id='word_1_237' title='bbox 854 4289 913 4342; x_wconf 71' lang='lat'>922.</span> 
     </span>
    </p>
   </div>
   <div class='ocr_carea' id='block_1_7' title="bbox 0 0 1478 4852">
    <p class='ocr_par' dir='ltr' id='par_1_9' title="bbox 0 0 1478 4852">
     <span class='ocr_line' id='line_1_37' title="bbox 0 0 1478 4852; baseline 0 0"><span class='ocrx_word' id='word_1_238' title='bbox 0 0 1478 4852; x_wconf 95' lang='lat' dir='ltr'> </span> 
     </span>
    </p>
   </div>
  </div>
 </body>
</html>
