2946 4852
645 401 865 461 ...77-

181 570 250 650 μὴν
275 576 348 653 περὶ
363 574 430 634 τῶν
442 577 551 648 Χλων,
565 568 644 636 ἀλλὰ
658 578 727 652 περὶ
743 581 808 637 τῶν
823 579 952 654 Λερέων,
967 572 1036 638 οὐδ’
1054 573 1102 639 ὅτι
1120 577 1312 656 Δημοδόκου,

183 675 272 741 ἀλλὰ
298 682 464 758 Φωκυλίδη
486 684 650 759 πεποίηται
673 682 804 757 λέγοντι·

278 790 331 847 κοιλ
354 785 427 848 τόδε
450 788 649 847 Φωκυλλδεω·
679 788 783 866 Δέριοι
806 793 898 850 κακοί
909 811 916 825 ·
930 785 1025 866 οὐχδ
1048 793 1114 872 μέν,
1140 788 1175 865 ὃς
1197 792 1225 854 δ’
1250 789 1297 858 ob.

332 891 465 967 πάντες,
479 890 561 970 πλὴν
583 895 768 972 Προκλέους
781 915 788 930 ·
801 899 852 956 καὶ
874 897 1035 975 Προκλέης
1057 898 1174 976 Λέριος.

182 1002 247 1061 Καὶ
282 997 461 1073 nervosae
490 999 524 1061 έν
554 1001 601 1082 τῷ
634 1002 676 1074 εἰς
711 999 767 1062 τὸν
788 981 990 1081 ΙΠεριηγητην
1025 999 1223 1083 ὑπομνήματι
1255 1005 1313 1090 (ad

180 1125 216 1172 v.
237 1103 332 1190 530.)
349 1119 512 1182 συμφωνεῖ
533 1113 579 1188 τῷ
602 1105 771 1185 Στράβωνι
784 1128 790 1140 ·
804 1108 839 1170 έν
861 1108 959 1187 ταύτῃ
982 1108 1042 1188 γὰρ
1057 1112 1094 1188 τῇ
1116 1118 1302 1194 ιιραγμοιτείΙ

179 1217 366 1290 μονονουχὶ
404 1220 444 1290 τῇ
477 1213 671 1292 Γεωγράφου
715 1213 912 1292 παραφρὰσει
950 1223 1163 1291 φιλοτιμεῖται.
1213 1221 1312 1298 Δέρος

179 1323 218 1383 δὲ
246 1325 305 1393 μία
327 1326 395 1382 τῶν
417 1318 600 1400 Σποράδων
623 1320 714 1382 ἐστίν.

278 1426 378 1493 Unde
401 1425 579 1493 concludas
598 1427 822 1493 Demodocum
845 1427 1037 1510 Phocylidis
1061 1428 1132 1494 fere
1155 1432 1309 1513 tempori·

176 1535 247 1600 bus
280 1532 423 1611 vixissa
455 1534 569 1614 itaque
602 1534 631 1599 si
661 1535 805 1617 genuina
836 1541 950 1601 essent
982 1535 1234 1622 epigrammata,
1267 1558 1310 1604 ex

175 1639 353 1723 Meleagri
374 1639 536 1722 dorileglo
573 1639 759 1707 duxissent.
818 1642 1073 1725 Epigrammata
1112 1649 1309 1708 leb-238.

176 1746 376 1813 rectissime
405 1752 440 1812 et
466 1746 662 1813 firmissimis
688 1749 892 1830 argumentis
915 1749 1082 1831 Bergkius
1112 1750 1308 1831 posterioris

175 1853 316 1920 aetatis
341 1871 415 1919 esse
432 1854 667 1935 comprobavit.
705 1854 867 1935 Equidem
890 1873 931 1920 ne
948 1860 1021 1919 235.
1047 1855 1176 1936 quidem
1193 1858 1305 1938 genui·

175 1979 263 2027 num
289 1979 364 2027 esse
387 1967 509 2043 putem,
539 1980 611 2027 cum
636 1960 812 2027 Strabonis
836 1962 1041 2028 auctoritate
1064 1961 1220 2045 nitamur,
1251 1965 1307 2044 qui

135 2088 138 2093 ·
175 2067 401 2151 Phocylidem
426 2068 472 2150 (in
494 2067 730 2152 Demodocum)
759 2069 830 2134 hoc
852 2068 1056 2151 epigramma
1084 2070 1307 2152 composuisse

175 2182 347 2242 testatur.
382 2175 535 2256 Namque
559 2194 629 2242 cum
655 2180 758 2241 antea
772 2175 980 2242 Demodocus
1002 2176 1038 2242 in
1053 2176 1202 2242 Milesios
1218 2178 1306 2243 Pho·

174 2282 369 2366 cylidisque
399 2283 546 2364 patriam
572 2284 725 2352 invectus
748 2289 838 2349 esset
873 2283 1003 2349 nomine
1026 2289 1146 2365 poetae
1172 2288 1307 2350 tantum

174 2409 248 2456 non
273 2390 456 2472 appellato,
481 2390 631 2456 Milesius
655 2396 756 2472 poeta
775 2390 811 2454 in
831 2390 949 2455 Lerios
968 2391 1122 2457 invectus
1143 2396 1196 2456 est
1219 2391 1306 2458 idem

171 2496 316 2591 nomine
327 2515 393 2563 non
407 2497 535 2574 adlat03
555 2497 614 2562 sed
627 2516 699 2562 oum
711 2497 919 2563 Demodocus
931 2516 1015 2563 unus
1031 2503 1122 2563 esset
1133 2497 1306 2565 Leuiorum

173 2604 379 2685 ceteroquin
403 2605 589 2680 stultorum,
615 2621 689 2669 eum
712 2609 750 2669 ut
767 2622 951 2685 supremum
969 2604 1321 2694 gloriosissimumque

178 2711 365 2778 stultorum
401 2711 622 2792 malorumque
657 2710 788 2776 nomine
818 2712 987 2790 Προκλέης,
1023 2710 1110 2776 unde
1147 2710 1305 2778 facdlime

178 2837 297 2885 sumas
327 2817 419 2883 illam
450 2818 632 2900 notionem,
665 2817 860 2900 appellavit.
907 2817 1088 2883 Demodoci
1119 2821 1209 2883 certe
1240 2837 1305 2884 non

170 2911 258 2991 ⁴esse
280 2924 485 3007 epigramma
501 2925 665 2991 evincitur
684 2925 768 2991 vitio
789 2924 847 2990 illo
868 2924 1053 3007 prosodico:
1078 2929 1128 2987 καὶ
1145 2928 1305 3005 Προκλέης

180 3033 214 3094 δὲ
231 3039 320 3106 Χῖος.
358 3039 437 3105 Χῖος
457 3037 569 3097 autem
586 3037 793 3098 contractum
817 3037 870 3097 est
895 3050 937 3097 ex
951 3032 1060 3114 priore
1083 3030 1189 3096 forma
1205 3037 1301 3114 Χίιος,

180 3143 217 3207 et
244 3138 279 3205 in
302 3120 574 3220 inscriptionibus
597 3140 700 3205 babes
724 3138 825 3203 etiam
850 3137 987 3203 formam
1011 3145 1103 3210 Χεῖος
1126 3142 1161 3202 et
1185 3136 1301 3220 iratast)

179 3245 301 3312 Foede
333 3249 445 3311 autem
468 3247 688 3329 corruptelam
717 3245 853 3326 adsequi
881 3245 971 3310 licet.
1016 3243 1181 3326 Scriptum
1216 3244 1304 3310 enim

181 3357 260 3421 erat
283 3353 442 3421 inversu
464 3353 680 3436 Pbocylideo:

315 3464 316 3468 ’
538 3466 589 3523 κοιλ
610 3463 771 3540 Προκλέης
793 3465 954 3538 Adrion,

179 3568 334 3652 ultimum
355 3569 493 3635 verbum
513 3567 625 3634 nescio
646 3586 708 3648 quo
730 3585 810 3632 casu
830 3565 967 3631 transiit
986 3564 1020 3629 in
1041 3568 1210 3641 ΔΕΧΙΟΣς
1234 3564 1300 3628 iam

181 3695 256 3741 cum
280 3673 382 3740 Ohios
405 3675 587 3757 legeretur,
614 3673 807 3756 Phooylidis
837 3690 955 3737 nomen
982 3671 1206 3737 necessarium
1235 3688 1300 3735 non

181 3787 269 3864 erat,
293 3781 390 3847 immo
406 3782 589 3864 molestum,
614 3781 758 3846 mutavit
773 3779 878 3863 igitur
893 3777 1037 3843 falsator
1056 3777 1090 3841 in
1105 3776 1298 3854 Δημοδόκου.

178 3891 307 3971 Itaque
337 3889 422 3979 haec
450 3907 491 3954 ex
521 3887 683 3970 Meleagri
714 3905 833 3952 corona
867 3885 998 3949 minime
1032 3883 1204 3958 duxerunt,
1241 3882 1300 3948 sed

186 4093 190 4101 ¹
270 4119 293 4190 ²)
316 4117 352 4172 ci.
376 4117 422 4172 Et.
439 4076 483 4171 m.
506 4118 593 4181 emp.
622 4115 727 4183 ebeno.
752 4115 858 4181 eoam.
881 4113 987 4180 278,λο
1024 4112 1121 4167 Draco.
1150 4112 1214 4180 pag.
1239 4110 1298 4164 101.

177 4207 313 4264 Euetnth.
334 4206 377 4261 ad.
397 4206 430 4261 ll.
449 4206 474 4260 A
492 4223 517 4275 p.
538 4209 579 4260 21.
598 4204 669 4275 Reg.
691 4219 763 4273 pros.
783 4207 826 4260 27.
839 4234 874 4245 -
893 4203 956 4259 vide
975 4201 1133 4271 Goettling:
1152 4201 1259 4256 Acuent
1271 4200 1297 4255 d.

175 4297 286 4369 griech.
307 4296 366 4364 Spr.
387 4294 414 4350 S.
434 4295 494 4350 170.
515 4325 547 4334 -
567 4293 637 4349 c.1.
658 4292 689 4347 G.
709 4296 788 4350 6402.
809 4299 838 4348 et
856 4295 934 4349 5728.
