3024 4860
710 442 947 501 ...42-

265 624 405 700 exeepto
432 617 500 682 solo
516 616 596 684 VII.
616 622 701 692 570,
727 616 811 696 quod
834 622 925 681 certe
941 624 1018 698 post
1035 635 1154 682 aunum
1172 619 1245 679 358.
1263 636 1293 698 p.
1312 614 1390 682 Chr.

265 723 482 806 oompositum
499 728 589 802 estu.
607 723 708 791 V.67.
727 720 866 802 denique
883 721 1058 804 Capitonis
1082 728 1149 805 est3
1174 721 1290 787 mirum
1306 722 1393 788 enim

266 835 356 896 esset
381 829 564 903 admodum,
592 828 621 893 si
644 846 763 894 nomen
785 828 880 895 huius
904 835 1036 911 poetae,
1065 829 1118 909 qui
1143 829 1212 894 solo
1235 829 1296 893 hoc
1319 829 1394 894 loco

266 942 541 1003 commemoratur
563 954 669 1015 neque
693 934 770 1000 aliis
794 934 922 1016 quidem
948 934 1030 1000 locis
1054 954 1190 1016 usquam
1212 933 1390 1018 iuvenitur,

266 1063 307 1110 ex
333 1042 525 1108 coniectura
540 1041 576 1106 in
591 1041 712 1106 lemma
727 1041 930 1124 irrepsisset.
967 1041 1047 1107 Fuit
1068 1046 1180 1108 autem
1196 1042 1253 1107 ille
1270 1039 1394 1122 Capito

266 1149 413 1217 fortasse
430 1148 652 1215 Cossutianus
669 1147 801 1230 Capito,
828 1149 947 1228 dequo
965 1147 1193 1231 Quintilianus
1210 1147 1283 1232 (VI.
1304 1153 1391 1226 1,14)

268 1257 365 1323 dicit:
379 1254 525 1339 ‘egregie
541 1254 637 1320 nobis
654 1256 921 1320 adolescentibus
939 1255 1064 1321 dixisse
1080 1259 1257 1321 accusator
1272 1252 1392 1319 Cossu·

269 1363 355 1429 tiani
383 1361 559 1444 Capitonis
587 1361 780 1440 videbatur,
815 1361 945 1428 Graece
973 1362 1117 1443 quidem,
1151 1362 1211 1427 sed
1241 1362 1326 1426 hunc
1356 1360 1394 1424 in

270 1488 415 1536 sensum:
440 1468 619 1534 Erubeseis
643 1468 825 1535 Caesarem
856 1465 994 1538 timere?
1026 1506 1070 1516 -
1103 1467 1185 1534 Cum
1216 1472 1393 1533 accusator

270 1575 445 1658 Capitonis
476 1574 608 1641 Graece
638 1576 841 1656 loqueretur,
872 1594 980 1641 nonne
1010 1575 1082 1657 ipse
1113 1594 1239 1656 quoque
1267 1573 1393 1654 Capito

271 1701 426 1766 graecam
461 1681 608 1764 linguam
644 1681 849 1766 exercuit?²)
904 1683 1074 1750 Kusterus
1083 1686 1107 1763 ³)
1146 1681 1311 1765 cogitavit
1350 1679 1392 1745 de

270 1789 434 1870 Capitone
457 1787 571 1870 Lycio,
601 1787 783 1853 Iustiniani
806 1789 983 1873 συγχρόνῳ,
1013 1789 1186 1855 Iacobsius
1209 1788 1314 1871 (anth.
1340 1806 1389 1869 gr.

270 1896 377 1961 XHI.
393 1895 481 1977 870.)
498 1895 538 1959 de
554 1893 719 1976 Capitone
735 1895 975 1976 Alexandrino,
1000 1895 1055 1976 qui
1075 1896 1162 1977 apud
1178 1894 1391 1974 Athenaeum

272 2003 330 2084 (X.
354 2000 457 2080 425⁰)
487 1998 505 2064 ὁ
528 1998 677 2076 ἐποποιὸς
704 2003 892 2083 appellatur
916 1998 1146 2083 (Ἀλεξανδρεὺς
1169 2004 1201 2064 δὲ
1224 2003 1326 2078 γένος,
1356 2001 1394 2062 ἐν

270 2110 404 2192 δευτέρῳ
427 2109 633 2191 Ἐρωτικῶν).
680 2109 809 2174 Maiore
832 2109 903 2175 iure
927 2109 967 2175 de
990 2110 1140 2175 Romano
1163 2107 1292 2174 homine
1316 2125 1390 2173 mea

271 2215 400 2296 quidem
425 2214 595 2280 sententia
618 2214 830 2297 cogitandum
855 2220 918 2281 est.

359 2340 480 2419 Itaque
508 2343 547 2403 ut
575 2337 615 2402 de
641 2338 808 2404 Nicarcho
837 2338 992 2404 iudicium
1019 2339 1179 2405 feramus:
1211 2329 1269 2422 pro
1298 2345 1393 2405 certo

272 2465 337 2511 non
353 2445 585 2527 comprobatur
601 2443 667 2507 nisi
682 2463 779 2510 unum
795 2444 899 2512 fuisse
915 2446 1116 2512 Nicarehum
1137 2446 1390 2528 epigrammato-

272 2552 441 2635 graphum,
476 2550 567 2621 cuius
590 2550 757 2632 poematia
780 2552 814 2617 in
839 2553 1045 2635 Anthologia
1068 2552 1228 2617 Palatina
1252 2555 1392 2618 servata

271 2657 476 2742 Diogeniani
500 2658 692 2740 anthologio
717 2658 1028 2724 adnumerabantur.

358 2782 519 2848 Nicarchi
542 2781 634 2847 vitae
658 2782 691 2847 in
716 2782 966 2865 epigrammatis
989 2801 1097 2865 pauca
1125 2787 1203 2848 sunt
1225 2780 1390 2864 vestigia;

271 2889 511 2972 epigrammate
528 2888 594 2953 XI.
615 2894 686 2953 124.
705 2889 905 2972 perstringit
924 2895 1025 2970 poeta
1040 2889 1200 2954 medicum
1216 2889 1388 2970 quendam,

271 2997 445 3079 Zopyrum,
471 2994 677 3078 Aegyptium
699 2995 845 3062 fortasse
869 2998 912 3079 (v.
933 2995 987 3081 4.).
1034 2997 1164 3083 Zopyro
1188 2999 1309 3069 autem,
1334 3012 1390 3060 ae-

270 3104 360 3184 quali
377 3120 445 3183 suo,
461 3102 663 3168 Plutarchus
678 3101 711 3168 in
725 3101 977 3185 Symposiacis)
994 3106 1110 3184 partes
1126 3101 1255 3168 tribuit.
1283 3102 1391 3166 Porro

271 3207 416 3292 Celsusl)
431 3214 664 3274 commemorat
680 3209 963 3286 medicamentum,
982 3209 1066 3290 quod
1079 3210 1229 3292 Zopyrus
1242 3206 1389 3275 medicus

269 3315 463 3382 Ptolemaeo
479 3314 552 3398 regi
567 3315 749 3396 paraverit.
778 3316 892 3382 Etiam
904 3313 1094 3394 Bubastis⁸)
1112 3315 1387 3397 commemoratio,

270 3421 361 3487 cuius
386 3439 484 3488 sacra
507 3421 584 3487 istis
604 3422 806 3502 temporibus
821 3422 962 3488 maxime
977 3421 1127 3487 floruisse
1143 3427 1287 3503 constat,
1311 3421 1391 3487 huic

269 3527 379 3594 aetati
402 3528 573 3607 convenit,
598 3527 738 3607 denique
761 3529 887 3595 Romae
902 3528 1106 3595 Nicarchum
1129 3528 1301 3611 scripsisse
1325 3546 1389 3594 usu

268 3633 359 3700 vocis
382 3635 540 3714 μιλιάριον
563 3635 627 3721 (ep.
645 3636 710 3700 XI.
728 3636 816 3717 214.)
834 3633 1007 3701 evincitur.
1043 3634 1296 3717 Epigrammata
1317 3633 1390 3701 eius

361 3918 383 3981 ²)
402 3917 437 3974 cf.
457 3918 516 3975 cod.
535 3916 670 3972 Theodos.
689 3933 714 3985 p.
735 3918 777 3972 56.
814 3916 909 3973 Liban.
929 3933 972 3985 ep.
990 3920 1078 3985 24,11.

357 4005 380 4073 ²)
400 4004 434 4061 cf.
455 4005 548 4062 quen.
568 4005 646 4059 v111.
658 4007 701 4059 92.
738 4004 826 4060 Tacit.
846 4006 917 4061 Anu.
939 4005 1009 4073 11,6.
1030 4006 1115 4073 1333.
1137 4008 1222 4072 1438.
1244 4005 1331 4072 reat

358 4094 378 4163 ³)
398 4094 433 4148 ad
451 4094 526 4151 Suid.
546 4095 567 4147 I.
586 4111 611 4163 p.
634 4097 692 4150 14⁷.

355 4182 377 4251 ⁴)
396 4183 414 4239 l.
433 4183 451 4239 1.
472 4185 506 4240 ΙΙ.
525 4184 619 4240 6530.

356 4273 378 4341 ⁶)
398 4271 494 4328 Celsus
514 4273 546 4326 V.
565 4273 609 4327 23.
635 4272 750 4329 Geloni:
768 4269 915 4325 ἀντίδοτον
933 4273 1082 4342 Ζωπυρίον.

357 4362 379 4431 ⁶)
399 4359 523 4418 Gratius.
543 4376 603 4429 eyn.
623 4363 666 4416 42.
705 4361 754 4418 Or.
773 4361 839 4417 Met.
858 4361 935 4416 VIII.
947 4362 1008 4417 691.
1046 4359 1340 4431 melitinensem.
