2946 4852
436 1022 580 1144 caput
612 1024 829 1145 primum.

354 1238 407 1306 De
430 1236 659 1324 Diogeniani
683 1237 916 1326 anthologio.

163 1416 475 1499 PraeterMeleagri
484 1415 655 1484 Gadareni
664 1417 873 1499 Philippique
882 1418 1188 1486 Thessalonicensis

76 1542 211 1590 coronas
246 1529 281 1590 et
311 1522 485 1606 Agathiae
520 1523 721 1591 scholastici
750 1525 917 1607 Myrinaei
951 1527 1078 1609 cyclum
1113 1527 1189 1593 aliis

75 1649 199 1711 quoque
223 1631 497 1713 epigrammatum
518 1630 688 1714 florilegiis
716 1650 810 1696 usum
834 1649 908 1698 esse
933 1631 1190 1700 Constantinum

73 1737 255 1819 Cephalum
277 1738 311 1802 in
336 1737 565 1820 componendis
589 1738 637 1803 eis
660 1737 764 1820 libris,
797 1757 878 1818 quos
905 1758 991 1805 nunc
1013 1740 1190 1806 maximam

72 1852 202 1927 partem
225 1845 260 1910 in
280 1844 487 1928 Anthologia
510 1865 594 1926 quae
618 1844 740 1912 dicitur
762 1845 923 1912 Palatina
939 1853 1097 1926 tenemus,
1122 1848 1190 1914 iam

72 1953 228 2019 viderunt
260 1951 322 2018 viri
353 1951 452 2026 docti,
485 1971 526 2017 ac
555 1952 678 2033 primus
702 1953 915 2035 Passovius1)
946 1959 982 2020 et
1012 1959 1089 2037 post
1117 1974 1189 2020 eum

72 2059 327 2143 weiganuius2)
357 2059 557 2142 singularem
581 2065 792 2126 navaverunt
816 2078 959 2142 operam,
987 2066 1026 2128 ut
1050 2060 1189 2126 aliorum

75 2166 241 2257 Cephalae
269 2166 410 2231 fontium
440 2166 584 2249 origines
608 2166 829 2249 explorarent.
875 2169 996 2248 Itaque
1021 2187 1094 2233 cum
1115 2187 1189 2249 per·

75 2292 205 2339 suasum
236 2273 432 2339 habuissent
462 2273 512 2338 illi
534 2273 600 2340 viri
623 2274 722 2355 docti,
754 2280 889 2357 praeter
918 2281 1048 2341 ceteros
1071 2281 1189 2358 poetas

72 2381 169 2464 primi
189 2385 223 2447 et
240 2380 375 2445 secundi
389 2387 466 2462 post
483 2379 652 2446 Christum
668 2382 792 2446 saeculi
811 2382 1066 2448 necessitudinis
1083 2383 1189 2448 cuius·

71 2490 147 2554 dam
161 2487 303 2554 vinculis
319 2487 408 2553 iuter
431 2505 505 2553 sese
522 2489 708 2563 cohaerere,
734 2492 928 2554 statuerunt
945 2489 1190 2572 epigrammata

70 2597 200 2661 illorum
222 2601 394 2675 poetarum
418 2614 438 2659 a
463 2593 612 2676 Oephala
635 2600 793 2677 excerpta
827 2614 900 2660 esse
924 2615 965 2661 ex
988 2597 1191 2680 Diogeniani

71 2702 297 2769 Heracleotae
322 2701 522 2784 anthologio,
554 2701 609 2782 qui
639 2701 736 2767 finem
759 2721 877 2768 versus
901 2703 1025 2768 saeculi
1049 2704 1190 2770 alterius

71 2812 157 2875 hanc
188 2811 460 2892 epigrammatum
493 2808 729 2889 collectionem,
764 2815 864 2890 atque
896 2810 930 2875 in
954 2811 1189 2877 elementorum

72 2917 217 2982 ordinem
230 2916 368 2997 quidem,
388 2915 615 2997 composuerit,
637 2915 688 2980 ita
705 2921 743 2981 ut
755 2915 908 2998 8111αο3)
920 2919 1038 2983 verba:
1052 2913 1191 2995 γεγονώς

70 3025 118 3086 ἐπὶ
133 3021 298 3103 Ἀδριανοῦ
320 3025 469 3098 βασιλέως
491 3023 579 3087 haud
594 3022 646 3088 ita
665 3029 779 3089 essent
799 3024 987 3104 premenda,
1013 3030 1073 3090 aut
1090 3024 1189 3090 corri-

71 3131 189 3214 genda.

161 3237 355 3321 Quanquam
379 3236 475 3301 hodie
490 3236 548 3303 vix
569 3255 668 3301 unum
685 3237 883 3303 exstiturum
908 3256 981 3303 esse
1004 3256 1108 3319 spero,
1134 3237 1189 3318 qui

72 3344 167 3409 liuius
190 3343 410 3426 Diogenianei
431 3342 629 3426 Anthologii
658 3343 805 3426 vestigia
835 3344 870 3408 in
892 3342 1100 3426 Anthologia
1123 3345 1189 3409 Pa·

163 3521 185 3588 l)
204 3506 278 3574 iiber
297 3518 341 3573 die
359 3530 493 3575 neuesten
513 3519 737 3588 Bearbeitungen
756 3520 805 3574 der
823 3519 926 3588 griech.
941 3519 1023 3574 Anth.
1042 3519 1071 3574 in
1088 3518 1188 3575 Annal.

70 3609 136 3678 phil.
156 3616 186 3664 et
204 3608 282 3677 paed.
303 3609 344 3663 ed.
364 3608 444 3663 Jahn.
465 3609 541 3664 1827.
561 3626 587 3678 p.
607 3609 649 3664 68.
669 3624 727 3678 sqq.

162 3698 185 3766 o)
205 3697 247 3751 De
267 3696 442 3751 Constantini
466 3698 602 3767 Cephalae
627 3698 750 3753 fontibus
773 3699 808 3754 11.
846 3698 915 3753 Mus.
934 3697 1021 3753 Rhen.
1040 3696 1073 3751 N.
1094 3697 1119 3752 S.
1139 3698 1188 3751 llI.

74 3791 132 3842 161.
153 3803 211 3854 sqq.
230 3787 289 3839 452.
311 3801 369 3853 sqq.
389 3787 449 3839 541.
469 3802 528 3854 sqq.

162 3877 183 3945 ³)
203 3875 281 3930 Suid:
295 3875 492 3943 Acoyevstavdc:
504 3874 618 3943 γεγονώς
637 3880 680 3926 καὶ
700 3875 781 3930 αὐτὸς
793 3877 836 3927 ἐπὶ
848 3873 985 3946 Ἀδριανοῦ
1003 3873 1133 3942 βασιλέως
1146 3915 1151 3926 .
1164 3914 1187 3930 ·.

69 3970 144 4018 ἔστιν
162 3966 237 4030 αὐτῷ
254 3964 347 4033 βιβλία
367 3967 454 4017 ταῦτα
465 4005 471 4016 .
482 3963 549 4025 λέξις
571 3963 733 4032 παντοδαπὴ
757 3966 827 4017 κατὰ
845 3979 975 4031 στοιχεῖον
993 3967 1024 4017 ἐν
1042 3963 1157 4033 βιβλίοις
1176 3967 1189 4014 ἑ

70 4054 196 4125 (ἐπιτομὴ
215 4053 244 4106 δέ
262 4056 316 4106 ἐστι
328 4057 385 4106 τῶν
399 4055 543 4121 Παμφίλου
556 4053 654 4114 λέξεων
666 4053 782 4122 βιβλίων
799 4058 812 4105 ε’
830 4060 874 4106 καὶ
887 4071 904 4122 q
921 4057 978 4106 τῶν
991 4054 1188 4126 Ζωπυρίωνος),

71 4145 283 4216 ἐπιγραμμάτων
295 4143 464 4212 ἅνθολόγιον
473 4183 481 4203 ,
490 4148 551 4215 περὶ
562 4146 705 4210 ποταμῶν,
724 4145 859 4212 λιμένων,
870 4147 985 4217 κρηνῶν,
1004 4144 1084 4216 ὀρῶν,
1103 4143 1188 4213 ἄκρω-
1284 4151 1286 4154 ⁴

70 4235 151 4304 ρειῶν
165 4272 176 4292 ‚.
186 4237 247 4304 περὶ
274 4235 426 4303 παροιμιῶν
450 4233 519 4285 κατὰ
542 4248 671 4299 στοιχεῖον
694 4235 824 4301 ἐπίτομον
848 4232 1188 4305 ἀναγραφὴν,ουναγωγῇν

71 4328 116 4374 καὶ
134 4328 235 4374 πίνακα
253 4325 310 4374 τῶν
329 4325 358 4374 ἐν
376 4324 446 4388 ποίοῃ
463 4325 496 4393 γῇ
513 4321 636 4383 πόλεων,
647 4329 690 4375 καὶ
708 4323 743 4374 τοὶ
762 4324 849 4375 λοιποί.

1047 4435 1061 4485 1
