3024 4860
627 375 677 513 ⁵⁴-
726 421 766 480 ao
814 453 856 463 -

285 599 394 672 14e,3:
418 601 457 672 τῇ
479 599 556 672 χειρί
570 640 576 655 .
590 642 597 656 .
668 598 840 671 σολοικίζει.

285 705 394 777 165‚1:
420 699 559 784 διχὰλκῳ
583 701 593 785 f
616 699 715 763 citor>
740 697 951 779 ἀποσφραίνει.

282 812 424 886 adura:
449 808 483 869 ἐκ
502 814 604 870 ποίοιν
619 805 734 881 ἔταμες,
760 805 905 880 Διονύσιε,
929 804 968 867 τὰ
984 805 1063 882 ξύλα
1079 811 1174 866 ταῦτα
1190 805 1200 888 ί
1216 812 1309 866 λατο-

197 918 294 990 μιῶν,·
317 920 421 976 ποίοιν
443 911 479 977 τὸ
503 914 622 991 σκάφος
643 914 706 975 ἐστί
728 912 854 988 μύλων·

285 1045 395 1121 247,4:
420 1038 504 1118 πηγὴ
527 1036 553 1102 d'
558 1035 700 1101 ὠκεανοῦ
723 1043 842 1118 ξυλίνη.

284 1150 395 1228 249,6;
420 1145 524 1209 πάντα
546 1148 648 1224 γέμειν
671 1145 787 1227 ἀγρῶν.

283 1259 427 1332 253,1.2;
452 1254 485 1314 ἐκ
500 1251 641 1316 τιοίῶνὸ
666 1251 768 1334 πατήρ
791 1269 824 1316 σε
847 1256 955 1333 δρυῶν
977 1253 1133 1329 τὲτμηκεν,
1150 1247 1307 1327 Ἀρίστων,

193 1359 204 1443 s
231 1356 244 1381 ’¹
265 1366 367 1421 ιιοίῶν
390 1376 423 1422 σε
445 1359 549 1434 μύλου
572 1359 695 1437 κόψατο
718 1366 885 1434 λατομιῶν.
911 1357 967 1443 (cf.
993 1357 1081 1442 246.)

282 1490 392 1560 265,2:
418 1487 553 1559 ψυλλῶν
576 1484 715 1548 ἱππικόν.

283 1596 395 1666 310,2;
420 1587 497 1667 ὄψιν
521 1589 559 1652 dv
583 1590 745 1669 ἠγόρασας.

283 1702 395 1778 313,1:
420 1688 553 1777 ἀργυρέῃ
576 1706 665 1781 λιμῷ.

284 1809 396 1880 313‚2:
420 1807 601 1878 ιιιιναλὲους
622 1810 762 1877 πίνακας.
786 1802 839 1883 (cf.
865 1805 984 1882 314,4.)

282 1915 393 1988 313,3:
419 1907 648 1989 ἀργυροφεγγὲϊ
670 1918 760 1994 λιμῶ.

281 2023 393 2093 400‚1:
419 2015 619 2097 Γραμματικὴ
643 2021 778 2095 φυσίζοε.

282 2129 394 2204 400,2:
420 2122 648 2209 (Γραμματικὴ)
672 2126 766 2199 λιμοῦ
789 2127 802 2204 j
825 2122 992 2202 φάρμακον
1015 2121 1175 2202 εὑρομένη.

283 2237 429 2313 400,5.6;
459 2232 499 2297 cf.
524 2231 621 2307 infra,
647 2231 703 2295 ubi
727 2230 766 2295 de
789 2224 936 2311 parodiis
960 2229 1094 2312 egimus.

282 2344 357 2401 403.
367 2357 472 2421 paene
482 2345 587 2403 totum
596 2337 799 2420 epigramma
809 2337 1043 2402 catachreseos
1056 2334 1239 2417 exemplum
1247 2341 1309 2400 est.

283 2448 395 2525 408‚1:
420 2443 458 2508 τὸ
481 2452 577 2523 γῆρας
600 2441 713 2507 οὔποτε
736 2442 855 2521 βάρεις.

281 2568 467 2635 Adamavit
482 2568 586 2652 igitur
601 2569 748 2636 Lucilius
765 2570 999 2635 catachreseos
1015 2572 1152 2648 tropum,
1178 2571 1213 2630 et
1234 2585 1309 2632 con·

197 2674 342 2741 iunctam
367 2675 495 2756 quidem
520 2675 714 2757 saepissime
743 2695 813 2741 cum
837 2675 1026 2758 hyperbole,
1061 2674 1101 2739 de
1129 2691 1193 2753 qua
1220 2672 1311 2738 infra

197 2781 387 2847 accuratius
411 2782 574 2864 agendum
597 2782 671 2848 erit.

286 2906 339 2971 De
370 2904 529 2987 epithetis
559 2908 695 2973 verbum
726 2906 867 2987 amplius
898 2907 1018 2972 addere
1045 2905 1103 2972 vix
1133 2924 1213 2986 opus
1244 2910 1309 2983 est,

197 3013 312 3091 itaque
336 3012 380 3076 ad
402 3012 527 3077 ironiae
550 3012 747 3078 Lucilianae
770 3013 917 3094 exempla
941 3012 1058 3078 statim
1080 3010 1309 3094 transgredia-

196 3137 275 3183 mur.
314 3118 481 3184 Rhetores
505 3119 645 3199 quinque
661 3119 788 3184 ironiae
805 3138 928 3202 genera
945 3123 1150 3185 statuerunt:
1175 3134 1308 3196 σαρκασ-

195 3222 267 3298 μόν,
298 3220 471 3300 ἀοτεϊομόν,
502 3223 696 3305 ἀντίφρασιν,
724 3233 901 3306 παροιμίαν,
933 3226 1156 3306 μυκτηρισμὸν.
1207 3223 1308 3306 Apud

198 3330 362 3395 Lucilium
386 3332 489 3396 solum
514 3351 714 3399 sarcasmum
739 3339 774 3399 et
797 3333 998 3415 paroemiam
1021 3332 1214 3400 invenimus.
1291 3387 1293 3394 .

283 3453 403 3522 Omnia
433 3457 504 3523 fere
534 3457 656 3522 Lucilii
687 3458 843 3540 carmina,
876 3458 992 3540 quibus
1020 3459 1144 3524 factum
1176 3455 1309 3537 aliquod

198 3567 335 3628 enarrat
366 3561 417 3647 (et
449 3563 519 3629 sine
546 3564 599 3629 ira
626 3568 661 3629 et
690 3564 799 3629 studio
831 3584 988 3631 enarrare
1019 3563 1180 3649 videtur),
1217 3582 1307 3629 acer·

193 3668 322 3733 tissimi
352 3669 452 3751 plena
476 3675 553 3737 sunt
577 3672 745 3736 sarcasmi.
786 3672 838 3737 Ea
862 3691 946 3752 quae
970 3673 1041 3739 fieri
1063 3674 1239 3752 nequeunt,
1265 3671 1308 3735 ab

195 3775 253 3853 eis,
279 3775 396 3856 quibus
419 3783 520 3858 poeta
539 3777 719 3851 maledicit,
744 3777 838 3844 facta
859 3799 932 3846 esse
953 3779 1141 3861 tranquillo,
1166 3783 1204 3844 ut
1218 3777 1307 3844 vide·

195 3886 259 3963 tur,
278 3882 395 3965 animo,
413 3883 509 3965 quasi
525 3884 571 3950 sit
584 3903 692 3950 rerum
708 3891 878 3967 gestarum
895 3887 1046 3968 scriptor,
1064 3891 1305 3951 commemorat.

195 3987 350 4069 Exempli
370 3989 483 4072 gratia
502 3990 662 4072 inspicias
682 3991 925 4075 epigrammata
947 3995 1019 4058 159.
1043 3992 1114 4055 163.
1139 3997 1210 4055 164.
1235 3997 1306 4054 165.
1356 4043 1359 4049 .

194 4098 267 4158 171.
295 4099 367 4158 172.
395 4102 468 4162 175.
493 4103 565 4160 205.
591 4103 664 4162 208.
690 4103 764 4162 391.
789 4100 945 4184 (lepidum
963 4097 1098 4164 fabulae
1113 4099 1306 4181 exemplum,

194 4217 256 4279 quo
280 4198 368 4266 inter
396 4221 533 4271 avarum
556 4208 591 4269 et
618 4223 742 4270 murem
766 4206 916 4290 dialogus
944 4205 1204 4289 perstringitur.)
1233 4211 1306 4270 332.

193 4311 320 4376 40001
338 4312 412 4372 403.
435 4328 507 4375 cum
523 4310 672 4391 emphasi
695 4311 787 4378 dicta
810 4332 848 4380 eo
864 4314 971 4398 magis
991 4313 1131 4380 ironiam
1145 4312 1306 4395 redolent,
