2946 4852
622 400 841 456 ..54-

173 578 270 657 parte
293 571 473 639 Palatinae
497 569 732 654 Anthologiae,
763 576 802 636 ut
825 588 987 646 coronam,
1020 568 1073 635 cui
1095 569 1290 634 adnumera·

174 681 305 760 bantur,
331 678 451 744 elicere
473 676 539 743 iam
563 695 772 757 nequeamus.

262 803 344 872 VII.
370 805 566 866 ola-550.
591 804 752 864 Aesoniden
775 797 1011 881 Ἀλεξανδρέως;
1037 805 1129 866 certe
1150 799 1290 877 ἰσόψηφα

175 914 252 975 sunt
274 912 348 973 547.
372 907 553 992 (numerum
569 908 674 972 habes
692 909 805 986 7247),
828 909 902 969 548.
926 903 1052 992 (7166),
1071 911 1144 969 649.
1162 904 1290 991 (6828),

176 1015 302 1082 numeri
333 1013 582 1097 epigrammatis
613 1015 778 1078 56611011
807 1030 942 1095 prorsus
974 1012 1139 1093 quadrant
1171 1011 1289 1097 (9717:

176 1121 287 1207 9722),
316 1121 366 1186 ita
389 1126 427 1188 ut
451 1119 670 1202 corruptelam
694 1119 801 1184 adhuc
822 1118 930 1184 latere
954 1117 1096 1200 suspicio
1119 1123 1289 1184 nascatur.

263 1246 345 1314 VII.
371 1250 444 1307 668.
461 1245 630 1308 Λεωνίδου.
659 1241 818 1322 ἰσόψηφον
842 1248 895 1309 est
911 1247 1075 1324 (numerus
1099 1247 1152 1309 est
1173 1245 1289 1324 6576);

175 1369 282 1418 nonne
304 1351 394 1416 inter
417 1348 607 1431 Philippeos
631 1348 861 1430 (Antipatrum
885 1348 1289 1415 Thessalonicensem...

174 1455 385 1536 Bianoremli

263 1581 344 1650 VH.
371 1585 445 1683 675.
462 1583 631 1662 Λεωνίδου,
655 1585 730 1661 post
746 1579 914 1645 Hadriani
930 1578 1144 1662 epigramma,
1168 1577 1290 1645 iterum

175 1688 335 1767 ἰσόψηφον
350 1685 476 1772 (3702).

264 1811 332 1876 ΙΧ.
360 1815 410 1872 12.
443 1812 603 1872 Λεωνίδου
635 1782 843 1889 ’Ταραντίνους
876 1807 980 1890 16180,
1013 1827 1107 1882 nam,
1139 1808 1173 1873 id
1205 1808 1291 1888 quod

176 1936 287 1984 omnes
311 1917 418 1983 adhuc
441 1915 538 1999 fugit,
570 1917 632 1982 hoc
656 1934 781 1997 quoqne
814 1914 974 1995 ἰσόψηφον
998 1920 1065 1992 881;
1096 1915 1200 1981 habes
1232 1934 1291 1981 nu·

175 2042 299 2090 merum
325 2030 408 2087 7666
433 2029 572 2103 utroque
596 2022 737 2089 disticho
761 2021 956 2088 confectum.

264 2149 332 2214 IX.
359 2153 511 2213 78.-ao.
536 2152 696 2210 Λεωνίδου
725 2151 928 2227 Ταραντίνους
953 2152 1046 2212 recte
1068 2122 1154 2213 Vidit
1178 2145 1293 2213 Stadi-

176 2257 363 2358 muellerus
386 2254 524 2334 ἰσόψηφοι
563 2253 783 2320 Alexandrini
814 2262 901 2331 esse;
938 2253 1049 2334 posita
1086 2257 1163 2318 sunt
1200 2251 1292 2318 inter

176 2365 307 2447 longum
331 2362 477 2443 Philippi
501 2380 640 2427 coronae
664 2361 894 2443 fragmentum.

265 2487 332 2552 IX.
371 2491 444 2550 106.
479 2484 599 2552 iterum
634 2488 794 2548 Λεωνίδου
834 2490 1042 2565 Ταραντίνου,
1078 2484 1136 2549 sed
1171 2483 1295 2549 iterum

177 2592 400 2660 Alexandrini
432 2595 595 2674 (numerus
627 2598 679 2658 est
716 2594 830 2670 5307);
865 2592 900 2656 in
936 2590 1049 2656 ordine
1080 2590 1294 2672 alphabetico

177 2699 424 2781 Philippeorum
441 2699 723 2783 epigrammatum,
740 2698 791 2764 ita
808 2703 846 2764 ut
861 2698 967 2780 ipsum
983 2715 1108 2778 quoque
1123 2698 1296 2764 Leonidae

179 2805 382 2890 epigramma
407 2806 583 2871 secundum
606 2806 771 2871 elementa
794 2805 971 2870 inseratur.

266 2913 333 2977 IX.
361 2917 433 2974 123.
460 2911 641 2986 ἀδέσποτον,
675 2914 704 2973 οἱ
734 2914 767 2974 δέ
795 2915 954 2975 Λεωνίδου
978 2907 1208 2991 Ἀλεξανδρέως,
1242 2911 1297 2977 cui

180 3023 270 3084 certe
292 3017 524 3085 vindicandum
548 3023 615 3094 est3
639 3019 743 3084 habes
767 3017 852 3084 enim
875 3035 1044 3084 numerum
1071 3023 1166 3080 7523.

266 3125 334 3189 IX.
361 3129 555 3191 aru-356.
579 3128 740 3187 Λεωνίδου
768 3124 1003 3204 Ἀλεξανδρέωςς
1039 3123 1160 3189 iterum
1193 3124 1297 3207 longa

180 3230 347 3310 ἰσοψηφων
377 3231 490 3307 series,
523 3249 606 3311 quae
638 3231 787 3311 sequitur
809 3230 1052 3314 epigrammata
1074 3229 1221 3311 Philippi
1245 3248 1296 3295 co-

178 3356 280 3403 nonae
294 3332 463 3403 delibata.

267 3443 334 3510 XI.
360 3449 389 3505 9.
414 3447 574 3506 Λεωνίδου
597 3442 686 3509 inter
707 3443 953 3526 Diogenianeos
975 3448 1103 3524 poetas,
1135 3441 1298 3521 ἰσόψηφον

179 3549 304 3634 (aior).
1151 3612 1153 3616 ,

267 3655 335 3721 ΧΙ.
355 3659 405 3718 76.
418 3658 587 3731 Λεωνίδου,
611 3655 732 3722 iterum
748 3655 837 3722 inter
852 3655 1109 3740 Diogenianees,
1134 3652 1298 3733 ἰσόψηφον

181 3761 305 3848 (aare).

139 3919 142 3924 .
267 3867 353 3933 XII.
373 3873 425 3931 20.
443 3874 522 3935 ante
539 3868 709 3935 Stratonis
735 3868 951 3952 epigramma:
973 3865 1104 3932 ’rovaaa
1120 3872 1296 3947 Λεωνίδους

179 3993 349 4040 numerum
371 3976 475 4040 habes
499 3980 593 4038 6749.
624 3971 626 3974 ’

270 4079 436 4146 Discimus
461 4099 538 4164 ergo
563 4099 604 4146 ex
619 4080 672 4147 his
696 4080 945 4164 epigrammatis
961 4082 1131 4148 Leonidae
1145 4079 1297 4148 Alexan·

94 4236 95 4239 ,
181 4186 267 4252 drini
289 4187 457 4269 poematia
482 4193 516 4254 et
539 4186 685 4269 Philippi
710 4192 745 4254 et
759 4187 962 4271 Diogeniani
981 4187 1150 4272 florilegiis
1166 4188 1298 4255 inserta

180 4290 301 4370 saissa
335 4313 418 4375 quae
450 4312 634 4377 quanquam
665 4294 830 4372 miramur,
862 4302 975 4361 tamen
1006 4295 1106 4362 aliter
1136 4295 1299 4377 explicari
