3024 4860
731 404 950 462 ..26-

284 579 483 647 Inoisionum
507 582 543 644 et
567 577 764 643 diaeresium
789 578 849 642 hos
874 575 993 658 collegi
1016 594 1182 641 numerosa

372 683 655 751 Penthemimeres
678 690 858 765 usurpatur
881 683 1045 748 versibus:
1072 688 1123 745 25.
1258 673 1262 680 ’

375 792 659 859 Penthemimeres
684 810 755 856 oum
779 790 929 855 bucolica
951 789 1122 855 incisione:
1150 794 1220 852 157.

373 898 643 964 Trithemimeres
679 916 749 963 oum
785 896 1094 980 Hephthemimere:
1132 902 1161 961 2.
1191 896 1272 980 (XI.
1299 901 1405 978 270,1.
1457 925 1462 932 ·

286 1007 409 1086 aeon.)

374 1112 643 1178 Trithemimeres
679 1131 751 1178 oum
782 1110 1078 1192 Hephthemimere
1112 1115 1146 1176 et
1176 1106 1406 1197 1111161166ξί1-

286 1219 424 1285 cisione:
452 1227 481 1281 1.
507 1221 587 1302 (XI.
614 1218 736 1303 41117.)

265 1398 273 1409 ⁰
374 1324 450 1400 μετά
473 1331 579 1405 τρίτον
602 1338 768 1405 τροχαῖοντ
792 1329 844 1388 45.

373 1431 450 1507 μετά
473 1438 580 1511 τρίτον
603 1446 757 1511 τροχαῖον
782 1450 853 1496 cum
876 1431 1040 1496 bucolica:
1066 1435 1117 1492 69.

375 1539 560 1606 Adamavit
596 1558 674 1622 ergo
709 1537 990 1619 penthemimeren
1026 1541 1061 1603 et
1095 1535 1299 1601 trochaicam
1334 1553 1407 1600 oum

285 1646 437 1711 bucolica
460 1646 620 1711 incisione
644 1645 848 1710 coniunctas.

373 1753 426 1819 De
449 1752 603 1834 prosodia
626 1752 684 1819 vix
707 1750 884 1831 quidquam
907 1753 1090 1815 memoratu
1120 1749 1252 1832 dignum
1277 1747 1405 1814 inveni:

286 1859 526 1942 correptionem
549 1857 690 1924 atticam
714 1857 807 1922 modo
829 1857 986 1937 respexit,
1019 1857 1113 1921 modo
1136 1855 1285 1938 neglexit
1308 1854 1408 1920 Luci-

285 1954 360 2041 lius,
392 1965 452 2030 sed
476 1965 617 2030 maxime
647 1963 783 2044 corripit
808 1963 971 2045 syllabam
996 1969 1154 2044 sequente
1177 1961 1408 2028 coniunctione

286 2072 476 2138 litterarum
500 2076 664 2136 mutarum
685 2089 757 2135 cum
772 2070 897 2150 liquida
914 2093 940 2149 ρ.
965 2071 1074 2136 Unum
1090 2074 1152 2150 661,
1177 2069 1261 2149 quod
1278 2086 1407 2134 moneo:

286 2179 353 2243 XI.
380 2183 469 2260 80,2:

372 2277 458 2347 Ἆπιν
472 2303 478 2317 ·
492 2282 606 2346 οὐδένα
630 2280 689 2362 γάρ
712 2282 833 2346 πώποτ’
859 2283 1087 2362 ἐτραυμάτισεν,

287 2391 320 2455 id
344 2389 429 2469 quod
457 2389 603 2455 fortasse
627 2389 724 2472 gravi
746 2389 1014 2470 interpunctione
1038 2395 1224 2455 excusatur.
1270 2387 1407 2468 Hiatus,

287 2496 351 2561 nisi
374 2495 553 2577 legitimos,
579 2500 736 2575 quantum
760 2495 840 2567 vidi,
866 2495 1019 2560 evitavit.

377 2602 513 2683 Restat,
547 2608 585 2668 ut
617 2604 657 2667 de
688 2603 929 2685 epigrammate
956 2602 1101 2668 Iunioris
1131 2601 1240 2683 lapide
1273 2605 1407 2667 servato

289 2710 418 2795 (exstat
434 2709 520 2789 apud
532 2709 664 2774 Kaibel.
678 2728 728 2790 ep.
743 2729 791 2792 gr.
810 2715 884 2775 810.
901 2711 1005 2775 Inscr.
1025 2729 1075 2792 gr.
1092 2715 1127 2776 et
1143 2709 1204 2774 lat.
1223 2708 1287 2774 Sio.
1305 2711 1405 2789 889.),

288 2816 372 2898 quod
389 2815 571 2883 Sinuessae
594 2817 728 2896 veteris,
753 2817 787 2881 id
811 2821 864 2881 est
886 2816 920 2881 in
939 2816 1132 2898 Campania,
1156 2821 1324 2897 repertum
1344 2820 1407 2891 est,

288 2941 374 2988 nuno
396 2922 430 2989 in
454 2941 567 2988 museo
591 2923 816 3005 Neapolitano
841 2929 1005 2999 servatur,
1030 2923 1219 2988 iudicemus.

755 3026 943 3108 Ἰουνίωρος.

416 3133 532 3211 Ἀκταῖς
555 3136 611 3215 τὴν
634 3129 757 3216 όμορον
779 3142 957 3215 Σινυητίσιν
979 3136 1201 3215 Ἀφρογὲνειαν,

470 3248 558 3320 ξεῖνε,
586 3242 680 3305 πάλιν
703 3242 857 3321 πελάγους
879 3245 1001 3320 βλέψον
1025 3242 1246 3321 άνερχομὲνην.

417 3354 501 3412 Ναοί
521 3372 574 3424 μοι
597 3355 776 3425 στίλβουσιν
799 3346 852 3411 ὑπ’
878 3348 987 3423 Ἠόνος
1008 3345 1049 3429 ἥν
1070 3371 1146 3410 ποτε
1169 3348 1298 3423 κόλποις

471 3454 613 3533 Δρούσου
636 3461 687 3517 καί
711 3464 844 3535 γαμετῆς
865 3458 986 3532 θρέψεν
1010 3452 1136 3534 άθυρμα
1160 3456 1266 3529 όόμος.

417 3559 468 3624 Ἐκ
492 3566 524 3625 δὲ
547 3562 679 3640 τρόπων
702 3563 803 3625 πειίλώ
826 3567 931 3624 τεκαὶ
954 3566 1078 3640 είμερου
1102 3562 1213 3625 ἔσπασε
1236 3567 1336 3640 κείνης

469 3676 531 3742 πᾶς
554 3668 650 3742 τόπος
673 3673 713 3742 εἰς
735 3666 846 3747 ίλαρην
869 3665 974 3748 άρτιος
997 3666 1204 3748 εὐφροσύνην.

416 3773 544 3851 Βάκχου
568 3772 627 3854 γάρ
650 3780 777 3848 κλισίαις
799 3798 837 3849 με
859 3777 1023 3838 συνέστιον
1045 3776 1257 3854 ἐστεφάνωσεν

470 3885 512 3956 εἰς
534 3883 585 3956 ἐμὲ
608 3879 667 3945 τόν
690 3888 829 3944 κυλίκων
852 3880 949 3960 όγκου
972 3885 1170 3962 ἐφελκομένη.

417 3992 520 4067 Πηγαὶ
543 3988 571 4050 δ’
596 3984 636 4049 αὖ
659 3993 728 4068 περὶ
750 3990 848 4065 πέζαν
872 3985 1082 4067 άναβλόζουσι
1106 3993 1254 4068 λοετρῶν,

472 4109 546 4169 παῖς
568 4091 640 4169 ἐμός
664 4091 700 4169 άς
721 4100 798 4156 καίει
822 4092 881 4158 σόν
903 4100 979 4174 πυρί
1002 4095 1185 4175 νηχόμενος.

417 4199 469 4281 Μή
492 4223 529 4276 με
551 4201 662 4280 μάτην,
688 4205 793 4278 ξεῖνοι,
816 4200 1005 4282 παροόεόετε
1028 4202 1228 4280 γειτνιόωσαν

471 4307 581 4394 πόντῳ
603 4313 654 4371 καί
676 4307 822 4386 Νύμφαις
845 4308 991 4387 Κύπριδα
1013 4313 1065 4372 καί
1088 4315 1227 4392 Βρομίῳ.
