2946 4852
617 437 853 496 ...42-

173 619 313 694 excepto
339 612 408 676 solo
424 611 503 679 VII.
523 617 608 686 olo..
634 611 718 690 quod
741 617 832 677 certe
849 618 925 694 post
941 630 1061 678 annum
1079 615 1152 675 358.
1169 632 1199 694 p.
1219 610 1297 678 Chr.

172 718 496 802 ⁰ompositumest1).
514 717 615 784 V.67.
634 716 773 797 donique
790 716 964 799 Capitonis
989 724 1056 799 est3
1081 717 1196 783 mirum
1213 717 1300 784 enim

173 831 265 891 esset
288 824 472 898 admodum,
500 822 528 888 si
551 841 669 888 nomen
692 823 787 889 huius
810 829 942 906 poetae,
971 824 1024 904 qui
1049 824 1118 890 solo
1141 825 1301 890 hocloco

173 936 448 997 commemoratur
470 948 575 1009 neque
599 928 676 995 aliis
700 929 829 1010 quidem
854 929 937 996 locis
961 948 1098 1011 usquam
1118 929 1297 1014 invenitur,

173 1056 215 1104 cx
240 1037 432 1104 coniectma
447 1035 483 1101 in
498 1035 618 1101 lemma
634 1036 837 1118 irrepsisset.
873 1037 953 1102 Fuit
975 1042 1086 1103 autem
1102 1037 1159 1102 illc
1176 1035 1301 1118 Capito

173 1143 321 1211 fortasse
338 1142 559 1209 Cossutianus
576 1140 708 1224 Capito,
734 1143 774 1207 de
791 1162 854 1223 quo
871 1142 1099 1226 Quintilianus
1116 1143 1189 1228 (VI.
1211 1149 1298 1222 1,14)

175 1251 273 1318 dicit:
286 1249 432 1334 ‘egregie
448 1248 543 1314 nobis
561 1249 827 1315 adolescentibus
846 1250 970 1316 dixisse
986 1255 1162 1316 accusator
1178 1248 1299 1315 Cossu·

175 1357 262 1423 tiani
290 1355 466 1438 Capitonis
493 1354 686 1435 videbatur,
721 1355 852 1422 Craecc
880 1357 1023 1437 quidem,
1057 1358 1116 1423 sod
1147 1358 1232 1422 hunc
1263 1356 1299 1421 in

176 1483 322 1530 sensum:
348 1461 525 1528 Erubescis
550 1461 731 1528 Caesarem
761 1460 901 1532 timere.²
932 1501 976 1511 -
1009 1462 1091 1529 Cum
1122 1469 1299 1528 accusator

177 1569 351 1651 Capitonis
383 1568 514 1635 Graece
544 1570 747 1650 loqueretur,
779 1588 886 1635 nonne
904 1570 987 1652 ipse
1019 1589 1145 1650 quoque
1173 1569 1299 1650 Capito

178 1695 332 1760 graecam
367 1675 514 1758 linguam
550 1675 755 1760 exercuit?2)
810 1677 980 1743 Kusterus
989 1681 1013 1758 ³)
1053 1676 1217 1760 cogitavit
1257 1676 1298 1742 de

177 1783 340 1865 Capitone
363 1781 477 1864 Lycio,
507 1781 690 1848 Iustiniani
712 1784 889 1867 συγχρόνῳ,
918 1784 1092 1849 Iacobsius
1115 1783 1220 1866 (anth.
1246 1802 1296 1865 gr.

177 1890 283 1956 ΧΙΠ.
299 1889 387 1971 870.)
404 1889 444 1953 de
460 1887 626 1970 Capitone
641 1889 881 1970 Alexandrino,
906 1890 961 1971 qui
981 1891 1069 1972 apud
1084 1889 1298 1969 Athenaeum

178 1997 236 2078 (X.
260 1994 363 2074 425⁰)
393 1992 411 2057 ὁ
434 1992 582 2070 ἐποποιὸς
610 1997 799 2077 appellatur
822 1993 1052 2077 (Ἀλεξανδρεὺς
1074 2000 1107 2060 δὲ
1130 1998 1233 2073 γένος,
1263 1997 1301 2059 ἐν

177 2104 310 2187 δευτέρῳ
333 2102 539 2186 Ἐρωτικῶν).
587 2103 715 2168 Maiore
738 2103 809 2169 iure
833 2103 873 2168 de
896 2104 1045 2169 Romano
1069 2103 1198 2168 homine
1222 2121 1297 2169 mea

178 2209 306 2291 quidem
331 2208 500 2274 sententia
523 2208 736 2291 cogitandum
761 2214 824 2275 est.

265 2335 386 2412 Itaque
414 2337 452 2398 ut
481 2332 521 2397 de
548 2333 715 2399 Nicarcho
743 2333 898 2399 iudicium
925 2334 1084 2400 feramus:
1117 2325 1175 2417 pro
1203 2341 1301 2401 certo

178 2459 242 2506 non
258 2439 491 2519 comprobatur
506 2437 572 2502 nisi
587 2457 685 2505 unum
701 2439 805 2506 fuisse
820 2440 1022 2507 Nioarohum
1043 2441 1298 2524 epigrammato-

178 2545 346 2629 graphum,
381 2545 473 2614 cuius
495 2545 663 2627 poematia
686 2546 720 2611 iu
745 2547 950 2631 Anthologia
974 2546 1133 2612 Palatina
1157 2552 1301 2614 servata

178 2651 381 2736 Diogeniani
406 2651 597 2735 anthologio
622 2651 933 2718 annumerabantur.

264 2776 425 2842 Nicarchi
448 2776 539 2841 vitae
563 2776 597 2841 in
621 2776 872 2859 epigrammatis
895 2795 1003 2860 pauca
1030 2782 1108 2843 sunt
1131 2776 1299 2860 vestigia;

177 2882 417 2966 epigrammate
433 2883 499 2947 XI.
520 2889 591 2947 124.
611 2883 810 2966 perstringit
829 2890 931 2965 poeta
945 2883 1106 2949 medicum
1122 2884 1297 2966 quendam,

177 2991 351 3073 Zopyrum,
377 2989 582 3072 Aegyptium
605 2988 750 3056 fortasse
775 2992 817 3072 (v.
840 2989 892 3075 4.).
939 2991 1069 3078 Zopyro
1093 2995 1215 3064 autem,
1241 3009 1298 3057 ae-

175 3097 265 3177 quali
282 3114 350 3176 suo,
367 3096 568 3162 Plutarchus
583 3095 617 3162 in
630 3095 883 3181 Symposiacist)
899 3101 1015 3179 partes
1032 3096 1160 3163 tribuit.
1189 3098 1299 3164 Porro

176 3200 321 3285 Celsusl)
336 3207 568 3268 commemorat
584 3203 869 3281 medicamentum,
887 3204 972 3284 quod
984 3205 1135 3287 Zopyrus
1147 3203 1298 3272 medicus

174 3309 368 3374 Ptolemaeo
384 3308 458 3392 regi
472 3309 654 3390 paraverit.
683 3310 796 3376 Etiam
810 3308 999 3390 Bubastis⁶)
1017 3311 1295 3395 commemoratio,

175 3414 267 3480 cuius
291 3433 389 3481 sacra
412 3415 489 3482 istis
509 3416 711 3496 temporibus
726 3416 868 3483 maxime
882 3417 1032 3483 floruisse
1049 3423 1192 3499 constat,
1217 3417 1299 3485 huic

173 3520 283 3588 aetati
307 3523 478 3601 convenit3
504 3521 643 3602 denique
666 3524 793 3589 Romae
808 3522 1011 3589 Nioarohum
1034 3523 1207 3607 scripsisse
1230 3542 1296 3590 usu

172 3626 264 3693 vocis
287 3629 445 3708 μιλιάριον
468 3629 532 3715 (ep.
550 3630 615 3694 XI.
633 3631 721 3712 244.)
739 3628 912 3695 evincitur.
948 3629 1201 3712 Epigrammata
1222 3630 1297 3696 eius

266 3913 287 3975 ¹)
306 3911 341 3968 cf.
362 3912 420 3969 cod.
440 3911 575 3967 Theodos.
594 3928 620 3980 p.
640 3913 682 3967 56.
719 3911 815 3968 Liban.
835 3926 877 3980 ap.
896 3914 983 3980 aral.

261 3999 285 4068 ¹)
305 3999 339 4056 cf.
360 4000 453 4057 quen.
473 3999 551 4054 VIII.
563 4002 606 4053 92.
643 3999 731 4055 Tacit.
753 4001 822 4056 Ann.
844 4000 914 4068 11,o.
935 4001 1020 4067 1333.
1042 4004 1127 4068 luas.
1149 4001 1236 4068 1631.

262 4089 283 4158 ⁸)
302 4090 338 4143 ad
356 4089 431 4146 Suid.
450 4090 472 4142 I.
491 4106 516 4158 p.
538 4092 597 4145 147.

260 4177 282 4246 ⁴)
300 4178 319 4233 l.
337 4178 356 4234 l.
376 4180 410 4235 ΙΙ.
430 4181 483 4234 653
495 4179 523 4235 C.

235 4287 237 4290 ⁴
261 4267 283 4335 ⁶)
302 4266 398 4323 Celsus
418 4268 450 4320 V.
469 4268 514 4323 23.
540 4266 655 4324 Galeri:
673 4263 820 4319 ἀντίδοτον
838 4267 987 4336 Ζωπυρίου.

262 4356 284 4425 ⁶)
304 4353 427 4412 Gratius.
448 4371 508 4424 cyn.
527 4358 571 4412 42.
610 4356 659 4413 Or.
678 4356 744 4412 Met.
763 4355 840 4410 VIII.
852 4356 913 4411 691.
951 4353 1045 4426 Orelli,
1064 4355 1147 4413 inser.
1165 4357 1245 4414 5974.
