2946 4852
531 358 749 416 ..43-

83 532 223 615 plurima
247 531 396 613 sceptica
419 537 498 598 sunt
521 536 556 596 et
579 529 802 614 hyperbolica,
825 529 949 612 insigni
964 528 1129 595 interdum
1145 532 1199 595 cb·

82 638 250 704 scenitatc
274 636 419 722 tincta1).

173 745 288 810 Pauca
312 743 352 809 de
375 744 541 810 nonnullis
565 743 814 827 epigrammatis
839 743 991 808 addenda
1016 762 1090 809 esse
1112 749 1202 824 puto.

82 849 393 931 Stadtmuellerus²l
411 850 535 936 (Settio
559 845 753 933 praeeunte)
776 851 859 916 haec
880 850 1122 933 epigrammata
1143 868 1203 915 suo

11 944 14 949 ’
81 958 155 1024 iure
167 958 334 1023 Nicarcho
346 957 478 1023 tribuit:
492 958 557 1023 XI.
572 962 656 1039 229,
674 957 759 1038 quod
774 958 893 1022 lemma
908 958 1011 1022 habet
1023 955 1204 1035 Μελεάγρου

82 1069 118 1130 et
139 1065 225 1149 quod
245 1084 266 1129 a
282 1063 499 1131 Sterubachio
521 1052 611 1150 (app.
624 1064 855 1133 Baro-Vatia
868 1084 944 1147 pag.
959 1061 1001 1147 3.)
1019 1062 1206 1146 Antipatro

82 1172 192 1238 datur.
240 1171 360 1237 Mirum
383 1176 449 1252 est,
479 1171 565 1252 quod
588 1172 651 1237 hoc
678 1171 750 1236 loco
778 1170 942 1254 Meleagri
970 1170 1119 1236 videmus
1148 1171 1204 1234 ob-

82 1277 294 1358 scenitatem,
320 1296 391 1343 cum
411 1282 487 1343 tota
502 1297 581 1360 pars
599 1277 829 1361 Diogeuianea
845 1282 904 1353 sit;
930 1277 984 1358 qui
1000 1276 1203 1343 Nicarchum

80 1384 229 1460 noverit,
264 1383 395 1450 minime
427 1384 467 1450 de
497 1384 638 1468 genuino
672 1390 809 1450 auctore
843 1383 1021 1451 dubitabit.
1074 1382 1204 1449 Deinde

80 1491 274 1556 Nicarohea
301 1495 391 1556 sunt:
424 1490 490 1556 XI.
515 1495 588 1556 219.
612 1488 826 1570 Ἀντιπάτρου.
861 1495 932 1553 221.
957 1487 1138 1564 Ἃμμιοινοῦ,
1168 1489 1204 1553 in

82 1597 259 1663 Planudea
282 1592 409 1677 riderico.
428 1604 502 1662 415.
526 1593 729 1678 Ἀντιπάτρου
748 1595 766 1677 ἢ
785 1597 957 1677 Νικάρχου,
979 1597 1014 1661 in
1029 1596 1204 1661 Planudea

82 1702 274 1783 &odoacrem
306 1705 373 1769 iam
395 1703 568 1770 Iacobsius
598 1705 762 1770 Nicarcho
794 1704 886 1770 dedit
917 1709 1052 1786 propter
1080 1701 1204 1767 similia

81 1816 284 1895 argumenta
313 1810 348 1876 iu
379 1816 454 1874 241.
485 1816 520 1877 et
551 1817 624 1876 242.
671 1813 753 1878 Tum
785 1811 1063 1878 Stadtmuelierus
1095 1812 1207 1875 obser-

82 1918 181 1986 vavit
205 1917 324 1983 miram
345 1918 531 1983 hexametri
554 1917 763 1984 incisionem:

173 2031 220 2099 τίς
243 2032 310 2100 σοι’,
334 2029 517 2104 Μεντορίδη,
543 2025 554 2110 j
576 2033 750 2104 προφανῶς
773 2022 906 2107 rottae
929 2025 938 2092 l
961 2027 1205 2104 μετέθηκεν...

81 2139 120 2198 et
144 2138 258 2214 242‚1:

174 2238 215 2303 οὐ
239 2237 373 2313 δύναμαι
396 2247 522 2316 γνῶναι,
548 2239 559 2324 j
582 2238 717 2318 actaeon
743 2245 755 2319 l
778 2247 875 2318 χαίνει
899 2239 910 2324 j
933 2238 1167 2319 Διόδωρος...

80 2345 151 2413 ΧΙ.
179 2351 252 2408 118.
282 2349 317 2410 et
344 2351 416 2408 119.
440 2345 473 2411 iu
496 2345 658 2411 Palatina
685 2349 853 2440 καλλικιῇῇ
887 2348 944 2432 (Β)
973 2346 1140 2418 feruutur,
1172 2344 1207 2410 iu

81 2451 260 2518 Planudea
288 2452 459 2532 Νικάρχου.
508 2453 648 2533 Utrique
682 2454 851 2527 convenit,
882 2472 958 2518 nam
991 2451 1204 2518 Oiilactorem

82 2576 213 2638 quoque
236 2559 322 2624 satis
338 2559 441 2625 fuisse
462 2561 637 2625 obscenum
662 2560 814 2642 arguitur
829 2560 1069 2642 epigrammate
1085 2559 1126 2624 V.
1141 2563 1206 2633 29,

82 2665 137 2730 ita
167 2671 206 2730 ut
235 2664 389 2731 iudicium
421 2667 461 2732 de
492 2667 633 2750 genuino
666 2671 803 2732 auctore
834 2667 921 2732 ferre
955 2686 1018 2731 uon
1054 2664 1204 2730 audeam.

175 2771 242 2836 XL
263 2777 335 2834 169.
360 2777 395 2837 et
422 2772 734 2839 uro.inP1anudea
757 2791 930 2855 perperam
952 2771 1122 2838 Nicandro
1146 2770 1205 2836 tri·

85 2880 242 2944 buuntur.

176 2985 244 3050 XI.
276 2989 350 3048 224.
382 2985 486 3051 isdem
523 2986 744 3069 argumentis,
780 2986 896 3066 quibus
928 2985 1208 3052 Stadtmucllerus

87 3097 161 3156 219.
186 3098 222 3159 et
245 3097 320 3158 415.
338 3092 522 3176 Antipatro
547 3095 762 3175 abiudicavit,
788 3112 848 3176 ego
873 3112 999 3174 quoque
1024 3092 1207 3159 abiudicem

86 3199 376 3265 Thessaloniceusi
400 3209 435 3266 et
458 3201 625 3267 Nicarcho
649 3201 804 3267 tribuam.

177 3311 251 3371 241.
278 3306 314 3372 in
337 3307 510 3373 Planudea
534 3304 662 3387 ἄδηλον,
697 3307 886 3374 defenditur
912 3313 951 3374 ut
974 3307 1134 3374 Nicarchi
1157 3326 1206 3373 se·

86 3417 209 3493 queute
232 3416 268 3478 et
291 3420 365 3477 415.
391 3414 653 3498 epigrammatis.

181 3525 255 3583 244.
280 3520 352 3586 sola
380 3522 554 3588 Planudea
577 3522 743 3588 Nicarcho
774 3520 985 3605 adsignatur,
1009 3521 1079 3587 iure
1115 3540 1205 3587 saue.

177 3631 249 3689 331.
273 3625 308 3692 in
327 3628 500 3694 Planudea
523 3647 697 3710 perperam
711 3628 896 3710 Antipatro
918 3628 1206 3694 Thessaloniceusi

87 3730 259 3799 tribuitur:
287 3753 328 3800 en
358 3734 463 3800 habes
491 3734 630 3800 eandem
654 3736 891 3817 corruptelam,
924 3754 1021 3816 quam
1049 3753 1149 3816 supra
1172 3734 1206 3799 in

86 3845 229 3920 utraque
253 3840 447 3924 anthologia
471 3841 676 3924 agnovimus.

176 3946 419 4013 Ammianum
434 3947 557 4014 Lucilii
572 3947 796 4029 Nicarchique
813 3949 993 4030 aequalem,
1014 3967 1077 4014 uon
1095 3948 1205 4029 quarti

178 4193 199 4260 1)
218 4193 323 4250 iacobi.
342 4195 419 4250 Xlll.
438 4195 498 4250 929.

177 4279 198 4349 ²)
216 4281 289 4338 Berl.
308 4283 373 4352 phil.
393 4282 588 4340 Wochenschr.
609 4283 688 4351 1892,
707 4284 769 4340 925.
