2946 4852
540 401 760 459 ...47-

90 576 277 657 enarravit,
302 581 413 640 tamen
439 593 510 640 eum
534 573 700 639 facultate
722 573 856 655 poetica
874 573 1023 639 floruisse
1047 591 1111 639 non
1135 592 1208 639 con-

87 688 172 749 stat.
219 681 302 748 Mihi
325 681 361 746 in
383 685 527 746 mentem
542 679 635 747 venit
652 679 813 746 Antiochi
836 679 1009 746 histrionis
1033 676 1122 745 illius
1138 678 1210 748 sive

92 787 238 855 comoedi
265 787 342 853 istis
365 787 567 868 temporibus
593 786 679 852 satis
707 786 834 865 famosi,
868 786 959 852 cuius
984 785 1132 852 meminit
1154 787 1209 852 Iu-

88 894 217 962 venalis
240 894 309 959 [Π.
325 899 375 958 98.

179 998 426 1083 Apollinarii
450 1000 528 1080 (XI.
547 1005 620 1062 399.
639 997 728 1082 421.)
754 1004 814 1065 aut
837 999 1050 1082 Apollinares
1068 999 1209 1067 Flaviae

87 1107 216 1173 aetatis
247 1107 358 1188 plures
388 1106 459 1171 noti
487 1111 574 1171 sunt.
624 1105 802 1173 Suetonius
830 1107 944 1190 (Vesp.
973 1109 1034 1188 19.)
1067 1105 1209 1171 tradidit

94 1213 339 1297 Apollinarium
369 1212 455 1292 (libri
483 1230 654 1294 perverse:
684 1212 835 1294 apellari)
867 1212 1063 1296 tragoedum
1086 1231 1107 1278 a
1129 1213 1210 1281 Ves

89 1321 229 1404 pasiano
253 1319 361 1386 aureis
386 1319 514 1385 coronis
539 1319 695 1384 donatum
720 1338 802 1384 esse.
843 1319 943 1385 Alius
968 1324 1021 1384 est
1043 1319 1210 1384 Domitius

90 1427 308 1510 Apollinaris,
334 1425 447 1492 consul
472 1424 628 1491 suffectus
653 1425 731 1490 anni
755 1432 818 1506 97,
843 1427 979 1509 legatus
994 1427 1130 1510 Lyciae,
1155 1425 1211 1506 qui

96 1552 197 1616 saepe
220 1534 308 1616 apud
331 1532 522 1599 Martialem
554 1539 588 1599 et
619 1532 762 1600 Plinium
793 1533 1095 1617 epistolographum
1127 1552 1211 1598 com·

92 1646 302 1708 memoratur.
356 1639 495 1706 Erravit
527 1645 618 1705 certe
650 1640 822 1706 Iacobsius
853 1641 971 1723 (XIH.
1002 1644 1106 1721 853.),
1138 1659 1210 1706 oum

88 1751 221 1830 poetam
252 1752 402 1812 nostmm
433 1746 568 1812 Libanii
576 1746 601 1831 ¹)
626 1747 764 1812 amioum
789 1747 892 1814 fuisse
922 1753 1068 1830 putaret.
1112 1747 1210 1812 Prius

95 1854 301 1937 epigramma
323 1853 356 1917 in
374 1852 555 1935 Glyconem
579 1854 743 1919 rhetorem
760 1854 943 1936 invehitur3
968 1854 1056 1919 haud
1079 1853 1146 1920 scio
1167 1873 1210 1919 an

88 1960 189 2026 istius
214 1959 383 2044 Glyconis,
409 1960 461 2025 cui
478 1959 688 2045 Spyridioni)
714 1979 892 2045 cognomen
916 1966 1000 2042 erat,
1025 1960 1210 2027 meminerit

87 2067 218 2134 Seneca
241 2066 276 2132 in
299 2066 537 2131 controversiis
561 2073 596 2132 et
621 2066 779 2133 suasoriis
804 2067 1004 2150 saepissime.

178 2175 231 2239 De
241 2173 387 2238 Pisone
400 2172 538 2253 denique
550 2192 592 2239 ne
606 2173 815 2240 coniecturas
825 2174 953 2255 quidem
963 2173 1208 2257 proferrelioet.

544 2478 753 2486 ———-..

179 2689 251 2754 Iam
277 2688 429 2769 quoniam
453 2707 509 2755 eos
533 2693 662 2771 poetas,
687 2708 767 2769 quos
792 2694 883 2755 certe
905 2688 1134 2772 Diogenianus
1158 2708 1209 2752 ex·

93 2795 227 2877 carpsit,
251 2791 534 2876 perlustravimus,
553 2794 596 2861 ad
613 2813 668 2861 eos
685 2797 842 2871 venimus,
868 2814 948 2876 quos
969 2794 1102 2861 etiamsi
1124 2793 1210 2859 forte

90 2919 203 2966 eornm
225 2905 380 2982 poemata
408 2901 473 2966 iam
506 2921 570 2968 non
595 2901 689 2969 intra
719 2903 850 2969 ordines
885 2901 1114 2984 alphabeticus
1145 2920 1210 2967 ser·

89 3014 173 3075 vata
189 3013 277 3088 sunt,
299 3013 413 3073 tamen
429 3008 631 3091 Diogeniani
648 3010 840 3094 anthologio
857 3010 1092 3076 adnumeratos
1108 3007 1210 3074 fnisse

87 3115 274 3181 uerisimile
297 3121 360 3188 est,
386 3133 458 3181 cum
480 3122 657 3197 propterea
681 3116 767 3198 quod
789 3118 963 3183 nonnullos
987 3115 1063 3182 istis
1087 3121 1210 3198 tempo·

90 3221 183 3287 ribus
204 3221 330 3289 uixisse
348 3225 490 3302 constat,
516 3226 586 3287 tum
603 3224 688 3304 qnod
704 3230 779 3290 tota
795 3225 1069 3307 epigrammatum
1084 3223 1211 3289 indoles

95 3327 286 3410 speciesque
310 3327 378 3392 alia
403 3333 518 3394 aetate
542 3329 606 3395 nisi
629 3331 692 3395 hac
715 3349 781 3396 non
804 3331 982 3397 colebatur.

179 3434 359 3501 Exordium
382 3435 549 3516 capiamus
571 3437 613 3500 ab
635 3436 841 3503 Hadriano
864 3438 1072 3519 imperatore.
1106 3437 1210 3521 Quem

92 3538 257 3606 facultate
272 3540 404 3622 poetica
425 3541 612 3622 praeditum
632 3540 736 3608 fuisse
756 3547 927 3609 testantur
948 3548 983 3610 et
1004 3543 1208 3626 scriptomm,

94 3646 270 3728 praecipue
287 3646 469 3729 Spartiani,
486 3649 679 3714 testimonia
699 3657 734 3715 et
750 3650 853 3732 ipsius
874 3650 1084 3732 imperatoris
1102 3650 1211 3716 latina

91 3753 246 3828 carmina¹
274 3772 358 3833 quae
383 3755 489 3821 adhuc
511 3755 547 3820 in
571 3757 765 3839 anthologia
787 3757 896 3822 latina
920 3762 1106 3838 supersunt.
1115 3760 1139 3839 ³)

180 3964 202 4027 ι)
221 3964 318 4020 Liban.
339 3972 383 4034 ep*
399 3967 442 4034 36,
462 3968 486 4021 5.

181 4053 204 4124 ⁹)
223 4053 258 4110 of.
280 4055 483 4112 Weatermann.
502 4056 566 4112 hist.
587 4055 675 4123 eloqu.
695 4057 712 4128 ξ
730 4060 774 4125 86,
795 4060 836 4114 26.

180 4142 203 4210 8)
223 4143 356 4200 conferas
381 4143 523 4212 Spartioni
545 4144 644 4201 verba:
672 4144 741 4214 (vit.
763 4145 848 4200 Hadr.
869 4145 936 4214 ld.)=
965 4144 1070 4209 Famae
1092 4143 1209 4201 celebris

93 4229 250 4287 Hadrianus
262 4237 320 4286 tam
333 4231 447 4301 cupidos
466 4232 529 4300 luit,
548 4238 580 4288 nt
598 4233 682 4288 libros
702 4233 778 4290 vitae
797 4248 864 4288 suae
882 4233 1002 4303 scriptos
1017 4250 1035 4289 a
1052 4249 1081 4289 se
1101 4232 1209 4288 libertis

90 4319 152 4376 auia
165 4320 300 4378 litteratis
320 4321 436 4391 dederit,
454 4321 559 4391 iubens,
579 4331 611 4377 ut
629 4339 676 4378 eoa
695 4322 753 4378 auis
771 4320 927 4378 nominibus
938 4323 1128 4392 publicarent3
1146 4338 1209 4376 nam
