3024 4860
643 430 859 486 „16-

195 622 308 669 carere
338 602 425 669 omni
447 602 617 685 elegantia
626 601 662 686 ¹),
691 602 726 667 id
750 601 835 683 quod
858 601 961 667 etiam
984 603 1025 668 de
1048 601 1191 669 Luciani
1209 601 1310 668 versi·

193 712 255 776 bus
270 710 403 776 minime
418 709 604 775 subditiciis
620 709 655 774 iu
668 709 973 792 Tragodopodagra
989 715 1024 776 et
1037 703 1192 793 Ocypode
1207 710 1311 775 valet.

196 815 372 904 (Conferas
395 816 544 899 inprimis
568 816 811 900 epigrammata
834 818 881 882 X.
908 823 959 880 28.
984 823 1019 881 et
1044 814 1110 900 29.)

283 925 405 1004 Itaque
436 943 508 989 eum
538 925 713 990 verborum
745 929 780 989 et
812 923 1059 1009 enuntiatorum
1089 941 1169 989 usus
1200 941 1220 988 a
1247 922 1313 987 Lu-

196 1030 310 1096 cianeo
334 1030 465 1096 minime
491 1030 679 1104 abhorreat,
706 1030 801 1095 immo
826 1049 954 1113 semper
970 1031 1001 1096 ei
1019 1031 1229 1111 respondeat,
1255 1031 1314 1094 aut

195 1136 376 1204 Lucianum
400 1138 507 1221 ipsum
530 1144 589 1203 aut
613 1137 714 1204 alium
748 1138 910 1219 quendam
942 1138 1139 1220 sophistam,
1172 1137 1228 1218 qui
1249 1138 1314 1203 Lu·

197 1244 326 1310 cianum
356 1250 429 1310 toto
460 1244 556 1325 quasi
587 1263 720 1327 corpore
753 1249 908 1318 noverat,
945 1244 1063 1310 decimi
1095 1244 1216 1327 eapitis
1248 1245 1314 1326 epi·

196 1358 384 1434 grammata
406 1352 465 1417 illa
490 1351 662 1434 scripsisse
688 1357 947 1417 consentaneum
963 1358 1025 1417 est.
1074 1352 1138 1419 Sed
1156 1371 1228 1417 cum
1243 1352 1315 1417 rhe-

196 1458 321 1524 toricas
356 1460 537 1524 habeamus
572 1458 846 1536 exercitationem
883 1459 956 1540 ipse
996 1458 1164 1524 Lucienus
1200 1466 1316 1523 auctor

197 1564 471 1647 epigrammatum
495 1584 568 1631 esse
592 1571 720 1647 potest3
746 1565 780 1630 id
804 1570 937 1630 tantum
960 1564 1031 1630 iure
1047 1565 1187 1646 quodam
1212 1565 1315 1645 suspi-

200 1672 346 1737 cabimur
370 1671 612 1737 adolescentem
635 1672 697 1738 has
721 1678 888 1752 παροιμίας
911 1672 1155 1754 conscripsisse.

288 1779 361 1843 Iam
378 1796 450 1842 cum
466 1797 658 1859 persuasum
674 1779 824 1860 habeam,
842 1779 1085 1862 epigrammata
1100 1779 1147 1843 X.
1167 1782 1317 1840 26.-29.

202 1891 254 1950 31.
280 1889 429 1947 35.-37.
455 1891 508 1952 41.
537 1891 588 1948 42.
624 1891 695 1949 122.
730 1887 875 1968 genuina
902 1887 1044 1952 Luciani
1072 1882 1318 1952 samosatensis

202 2011 284 2067 esse,
309 1991 483 2057 terminum
507 1992 710 2058 constituere
727 2012 900 2075 possumus
922 1994 992 2059 eius
1009 1992 1122 2068 fontis,
1147 2011 1241 2073 quem
1260 1989 1318 2056 Oe·

80 2181 85 2190 .
201 2099 319 2181 phalas
339 2099 374 2162 in
398 2100 583 2165 consuendo
599 2101 660 2166 hoe
684 2100 795 2183 capite
812 2101 990 2184 excerpsit.
1037 2101 1180 2165 Praesto
1197 2099 1227 2163 ei
1244 2103 1319 2163 erat

203 2205 355 2271 collectio
379 2213 555 2284 παροιμιῶν
577 2207 724 2272 Luciano
747 2208 927 2284 recentior,
960 2226 1044 2289 quae
1069 2207 1169 2272 etiam
1195 2209 1320 2271 cetero-

202 2331 273 2377 rum
296 2312 425 2377 illorum
440 2318 611 2394 poetarum
629 2315 872 2397 epigrammata
889 2315 1093 2390 continebat,
1118 2310 1319 2394 Phocylidia

204 2417 373 2500 Glyconis,
397 2418 569 2503 Aeschyli,
593 2421 774 2503 Euripidis,
799 2423 1007 2503 reliquorum.

293 2528 367 2592 Iam
390 2545 430 2592 ea
453 2523 705 2611 epigrammata}
740 2548 874 2611 quorum
895 2531 1053 2594 lemmata
1074 2529 1145 2592 sola
1168 2545 1235 2591 uua
1250 2525 1322 2589 An·

205 2633 354 2716 thologia
378 2634 519 2700 Lucillio
542 2636 746 2711 tribuuntur,
772 2637 1002 2702 examinemus.
1049 2634 1159 2701 Primo
1186 2632 1258 2697 loco
1282 2630 1322 2694 de

206 2740 263 2821 eis,
289 2760 372 2822 quae
395 2746 434 2806 ut
455 2740 610 2806 ἀδέσποτα
634 2745 745 2810 altera
761 2744 838 2823 fert,
864 2744 975 2810 altera
990 2741 1132 2809 Lucillio
1153 2739 1322 2821 adsignat,

206 2847 308 2914 facile
324 2849 478 2915 iudicium
495 2851 582 2916 ferre
597 2852 685 2916 licet.
715 2852 873 2919 Videmus
891 2852 976 2916 enim
991 2849 1054 2930 hic,
1079 2848 1135 2914 ubi
1150 2844 1324 2912 Planudea

207 2951 326 3034 ecana
348 2957 468 3023 lemma
491 2959 594 3024 habet
618 2965 676 3023 aut
699 2959 856 3024 lemmate
886 2962 993 3036 caret,
1026 2948 1154 3036 semper
1184 2953 1255 3018 iure
1284 2969 1324 3016 ae

116 3048 117 3053 ἵ
207 3062 324 3129 merito
347 3064 528 3131 Palatinae
551 3066 720 3131 librarium
754 3065 804 3151 (et
827 3065 944 3131 littera
967 3065 1029 3145 132)
1061 3050 1190 3143 quidem
1223 3059 1323 3142 signi-

206 3169 352 3250 ficatum}
384 3171 522 3238 Lucillio
557 3192 673 3254 poema
708 3171 907 3239 vindicasse.
955 3170 1039 3237 Sunt
1075 3172 1187 3233 autem
1220 3167 1323 3231 haece

208 3279 379 3344 lemmata:
1095 3267 1097 3272 ’

297 3387 471 3453 Planudea
495 3392 588 3453 earet
611 3388 767 3452 lemmate
791 3385 838 3469 (id
855 3385 941 3466 quod
957 3384 1057 3450 facile
1074 3401 1111 3448 eo
1129 3379 1323 3461 explicatur,

210 3496 294 3575 quod
318 3515 390 3561 cum
412 3496 634 3576 praecedente
658 3494 863 3578 epigramma
883 3491 1021 3557 iunctim
1037 3488 1198 3556 traditum
1222 3488 1324 3567 erat):

298 3603 365 3667 XI.
391 3609 442 3666 80.
469 3610 518 3668 81.
544 3608 595 3667 89.
623 3608 694 3665 101.
721 3607 794 3665 265.

300 3708 418 3790 ἄδηλον
440 3710 681 3793 praescriptum
705 3713 758 3774 est
781 3707 887 3773 hisce:

300 3820 366 3884 XI.
402 3822 473 3881 132.
509 3823 579 3881 137.
613 3822 685 3881 139.
719 3821 792 3880 217.
828 3817 930 3894 tlon)
963 3818 1036 3875 309.
1069 3815 1142 3875 313.
1175 3813 1248 3871 314.
1281 3805 1327 3886 (in

178 4022 180 4028 Α
212 3927 369 3992 Palatino
394 3925 591 4007 coniuncta).
641 3929 712 3986 388.
837 3959 839 3964 ·

304 4177 325 4239 1)
344 4174 461 4242 exempli
479 4172 573 4242 gratia
590 4172 624 4227 X.
644 4172 685 4240 28,
706 4173 729 4226 1.

304 4266 326 4336 2)
344 4265 396 4320 Die
416 4265 552 4334 Grabged.
572 4264 596 4317 d.
615 4263 719 4333 grieeh.
739 4260 849 4315 Anthol.
871 4259 947 4313 1889.
984 4255 1099 4325 append.

304 4357 325 4425 ⁸)
344 4362 453 4410 tantum
471 4355 499 4409 iu
517 4351 700 4410 veterioribus
720 4350 877 4404 Planudeae
897 4345 1070 4403 editionibus.
