3024 4860
728 417 947 476 ..60-

227 598 230 604 '
276 588 431 670 Adparet
455 588 517 653 hoc
541 586 743 670 epigramma
765 588 923 670 prooemii
946 589 1017 654 loco
1040 588 1106 654 toti
1128 585 1285 655 volumini
1300 604 1395 668 prae·

276 695 374 761 fixum
398 693 516 771 fuisse;
540 693 614 760 ideo
639 694 742 760 etiam
766 694 846 761 ferri
868 694 978 777 potuit
993 695 1133 761 metrica
1148 694 1262 775 forma,
1279 711 1396 774 nempe

277 801 464 875 distichum,
490 819 561 866 cum
585 804 699 867 cetera
722 800 890 884 poematia
914 801 1141 868 hexametrioa
1165 805 1287 867 essent.

366 906 636 1001 Stembaehius1)
662 927 703 973 ex
722 906 896 992 Agathiae
920 908 1040 990 verbis,
1070 927 1154 989 quae
1175 907 1286 990 paullo
1309 903 1398 971 inira

278 1019 467 1096 sequuntur,
485 1013 645 1080 conclusit
663 1013 800 1098 Cyclum
816 1019 897 1081 ante
911 1014 1111 1096 Daphniaca
1135 1015 1287 1080 emissum
1311 1030 1396 1079 esse.

275 1121 363 1188 Vide
387 1120 434 1186 sis
457 1119 643 1203 Agathiam
659 1120 680 1185 l.
698 1121 732 1202 1.,
764 1121 820 1185 ubi
848 1121 973 1204 pergit:
999 1121 1087 1198 ἔδοξε
1110 1118 1398 1200 discerpiturque

276 1224 403 1290 κάκεῖνο
434 1224 613 1303 ἀξιέπαινόν
643 1250 674 1287 τι
704 1227 856 1289 εἶναικαὶ
887 1224 946 1290 οὐκ
977 1225 1083 1308 ἄχαρι,
1101 1229 1146 1291 ἐἴ
1172 1251 1206 1307 γε
1236 1232 1303 1290 τῶν
1334 1227 1397 1290 ἐπι-

276 1334 471 1414 γραμμάτων
500 1330 541 1394 τὰ
572 1329 714 1412 ἀρτιγενῇ
736 1338 787 1396 καὶ
817 1333 953 1414 νεώτερα
983 1334 1239 1399 διαλανθάνοντα
1263 1335 1314 1409 ἔτι,
1347 1339 1398 1396 καὶ

276 1438 378 1519 χύδην
410 1436 530 1502 οὑτωσὶ
560 1441 633 1519 παρ’
658 1439 751 1515 ἐνίοις
773 1436 1077 1520 ὑποψιθνριζὸμινα,
1109 1439 1262 1522 ἀγείραιμί
1289 1464 1323 1504 τε
1354 1437 1399 1514 ὥς

276 1546 346 1610 οἶόν
369 1568 401 1608 τε
423 1545 454 1620 ἐς
476 1542 605 1620 ταύτὸν,
637 1550 689 1608 καὶ
712 1543 926 1627 ἀναγράψαιμι
954 1547 1067 1611 ἕκαστα
1089 1550 1123 1612 ἐν
1153 1548 1262 1634 κόσμῳ
1284 1545 1397 1611 dacus·

233 1637 234 1641 Ἰ
276 1654 413 1734 κριμένα.
564 1650 567 1656 ’

367 1756 510 1840 Scripsit
533 1759 617 1824 haec
640 1759 744 1825 verba
760 1758 932 1843 Agathias
955 1766 1032 1843 post
1054 1760 1236 1828 Iustiniani
1257 1765 1397 1827 mortem

186 1871 188 1874 ’
277 1866 454 1932 amicorum
477 1865 629 1947 precibus
654 1872 843 1949 commotus,
867 1872 906 1932 ut
921 1867 1151 1934 Iustinianeae
1175 1867 1301 1934 aetatis
1321 1885 1397 1934 con·

276 1972 437 2039 scriberet
460 1971 644 2038 historiam.

365 2080 506 2145 Poetam
540 2084 655 2144 natum
691 2097 764 2145 esse
800 2079 888 2145 anno
920 2079 1055 2147 circiter
1088 2086 1161 2144 536.
1192 2100 1224 2162 p.
1256 2079 1332 2147 (ihr.
1366 2100 1397 2146 n.

276 2188 369 2252 recte
381 2185 503 2251 statuit
516 2183 744 2267 Teuffelius²);
761 2190 796 2251 et
813 2204 885 2251 cum
901 2187 1046 2268 spatium
1062 2186 1223 2268 quoddam
1238 2186 1397 2268 temporis

275 2291 412 2358 intersit
443 2292 532 2356 inter
553 2292 736 2357 Iustiniani
758 2298 897 2359 mortem
922 2299 956 2359 et
984 2293 1018 2358 id
1045 2299 1184 2376 tempus,
1217 2312 1279 2375 quo
1303 2294 1397 2377 Aga·

275 2394 367 2465 thius
389 2397 577 2464 Historiam
606 2417 797 2480 componere
826 2399 945 2481 coepit,
970 2419 1111 2465 —nam
1143 2399 1225 2466 dicit
1253 2405 1397 2466 naturae

174 2581 177 2586 ,
274 2505 417 2572 indolem
440 2503 606 2587 ingenium
624 2505 666 2570 ad
681 2504 805 2587 poesim
828 2506 927 2573 valde
944 2507 1080 2583 ducere;
1098 2511 1133 2572 et
1149 2525 1185 2572 re
1200 2524 1282 2574 vera
1298 2506 1399 2572 amici
1465 2528 1467 2532 ⁴

275 2612 481 2695 perlongum
497 2616 626 2694 tempus
643 2613 686 2677 ab
698 2630 737 2677 eo
748 2611 950 2694 petiverunt,
967 2618 1006 2680 ut
1017 2613 1205 2679 Historiam
1218 2613 1396 2692 scriheret3

275 2738 352 2785 nam
376 2725 482 2792 certe,
515 2737 586 2783 cum
615 2737 700 2784 anno
734 2724 806 2784 582.
838 2717 986 2795 obiisset,
1018 2738 1099 2802 opus
1130 2719 1295 2786 adfinem
1324 2739 1397 2804 per·

276 2825 485 2891 duxisset-
516 2824 667 2905 equidem
690 2825 876 2907 Agathiam
896 2825 1084 2892 Historiam
1112 2827 1320 2893 scribendam
1347 2826 1396 2894 in·

281 2932 420 2998 cohasse
443 2936 523 3013 puto
547 2931 668 2997 circum
692 2950 812 2997 annum
837 2938 922 3009 576,
946 2932 980 2997 id
997 2937 1059 3008 est,
1084 2951 1156 2999 cum
1171 2933 1398 3018 quadraginta

275 3039 347 3104 fere
382 3056 486 3104 annos
520 3043 621 3104 natus
661 3043 761 3105 esset.
824 3040 946 3121 Itaque
986 3058 1056 3106 curn
1097 3040 1188 3107 dieat
1221 3039 1308 3117 ἔδοξέ
1341 3063 1397 3116 μοι

274 3145 442 3226 πρότερον,
467 3144 507 3210 de
530 3144 703 3212 iuventute
726 3137 788 3211 sua
810 3146 969 3226 loquitur;
994 3147 1052 3211 sed
1075 3165 1149 3212 mea
1172 3147 1302 3228 quidem
1322 3146 1396 3214 sen·

275 3251 386 3317 tentia
402 3269 477 3332 11011,
494 3257 532 3317 ut
549 3251 787 3319 Sternbachius
803 3253 927 3319 voluit:
945 3251 1103 3333 πρότερον
1118 3260 1183 3316 τῶν
1198 3256 1394 3330 Δαφνιακῶν,

275 3377 352 3424 nam
376 3376 448 3424 curn
473 3357 600 3440 apertis
622 3359 734 3425 verbis
757 3363 859 3425 antea
876 3359 1016 3425 dixisset
1035 3360 1068 3422 ἐκ
1084 3363 1208 3422 παίδων
1229 3367 1277 3444 τῷ
1298 3357 1395 3445 ἡρῴῳ

275 3464 389 3547 ῥυθμῷ
413 3460 571 3538 ἀνειμένος
594 3483 666 3529 eum
690 3470 770 3531 ante
793 3466 855 3530 hoc
870 3470 1009 3547 tempus,
1034 3472 1072 3531 ut
1097 3465 1296 3532 infantulum
1312 3465 1394 3550 fere,

273 3589 391 3638 versus
414 3569 534 3636 fecisse
557 3570 736 3637 verisimile
759 3590 823 3638 non
847 3577 910 3638 est.
954 3570 1060 3655 Quam
1084 3571 1284 3638 sententiam
1308 3591 1394 3639 com·

276 3679 418 3759 probare
433 3676 589 3743 videntur
604 3677 678 3758 ipsa
694 3678 866 3760 Agathiae
881 3680 995 3753 verba,
1013 3696 1098 3759 quae
1114 3678 1180 3744 iam
1197 3684 1393 3759 sequuntur:

275 3789 325 3846 xci
349 3780 409 3846 οὖν
432 3780 471 3862 δὴ
494 3787 544 3845 καὶ
568 3781 640 3845 τόδε
663 3806 716 3858 μοι
739 3783 945 3847 ἐκτετέλεσται
968 3783 1056 3864 ἕτερά
1079 3807 1113 3846 τε
1135 3784 1238 3848 πολλὰ
1262 3782 1394 3863 ἀγωνίσ-

276 3912 368 3964 ματα,
392 3897 452 3952 τοῦ
474 3892 532 3964 μὲν
555 3886 726 3966 ἀναγκαίου
749 3890 843 3969 χάριν
858 3889 897 3953 οὐ
913 3889 997 3966 μάλα
1012 3893 1211 3970 πεποιημένα,
1236 3888 1340 3968 ἄλλοις
1360 3896 1394 3956 δὲ

275 3998 350 4072 ἴσως
372 3994 567 4077 τιροσαγωγὰ
589 4001 639 4059 καὶ
661 3996 826 4077 θελκτήρια
842 4003 913 4060 aci
936 3997 995 4078 γὰρ
1024 4001 1101 4076 ditor
1124 3994 1142 4077 ἡ
1166 4004 1286 4078 ποίησις
1307 3999 1394 4080 ἱερόν

273 4126 303 4165 τι
325 4109 428 4183 χρῆμα
452 4106 503 4164 καὶ
526 4104 688 4165 θεσπέσιον
700 4121 727 4169 e.
740 4123 768 4184 q.
782 4122 808 4168 s.

365 4241 385 4311 ¹)
406 4257 468 4310 app.
487 4242 565 4297 ΒΝ.
584 4259 610 4312 p.
630 4243 672 4297 78.
692 4259 731 4310 sq.

364 4329 385 4399 ⁹)
404 4329 503 4386 Philol.
522 4332 544 4386 1.
562 4333 624 4388 495.
643 4347 701 4398 sqq.
