2946 4852
623 423 842 481 ..52-

176 611 248 671 ταῖς,
268 593 447 663 ἀλλοιώσεσι
470 599 520 656 καὶ
543 592 748 670 Ἀπολλώνιος
771 591 923 669 ὁῬόὃιος
942 595 976 657 ἐν
991 593 1224 676 ἐπιγράμμασιν,
1248 592 1293 671 ὥς

176 722 249 782 φησι
265 700 431 778 Πάμφιλος
452 701 486 763 ἐν
502 700 531 777 ά,
557 699 688 767 etiamsi
704 699 871 782 Pamphili
894 701 1291 788 auctoritaiduitatllffl),

175 813 354 893 propterea
364 807 446 873 fides
456 807 585 874 omniuo
597 826 661 873 non
669 807 824 874 habenda
834 813 896 889 ast,
908 808 993 888 quod
1004 810 1292 890 nequeverborum

176 923 272 987 tenor
287 919 403 995 ἱστορεῖ
419 915 454 977 ἐν
469 911 695 994 ἐπιγράμμασιν
706 914 810 984 talem
821 913 1143 996 interpretationem,
1160 915 1293 1004 qualem

176 1020 1292 1107 HeckorusatKnaackiusprotulerunt-scilicetadlusisseApol-

175 1129 297 1195 lonium
309 1129 482 1207 Rhodium,
502 1147 573 1194 oum
586 1127 685 1193 Batti
697 1126 843 1192 fabulam
860 1135 1044 1208 enarraret,
1063 1125 1293 1208 οᾱΒαιτιάσην

178 1235 415 1305 Callimachum
439 1235 594 1315 illumque
621 1233 842 1316 composuisse
863 1252 934 1301 cum
950 1239 1084 1303 vetusto
1103 1235 1211 1303 altero
1233 1254 1291 1316 pa·

179 1348 269 1408 store
286 1342 399 1407 eodem
413 1344 628 1424 cognomento
641 1340 863 1411 notissimo-
878 1340 1038 1415 admittit,
1050 1359 1159 1427 neque
1169 1341 1292 1407 scimus

178 1455 288 1520 utrum
300 1449 333 1511 ἐν
345 1446 569 1528 ἐπιγράμμασιν
584 1431 753 1529 anpotius
774 1447 807 1509 ἐν
827 1446 927 1517 ἔπεσιν,
938 1445 1136 1528 Apollonius
1149 1448 1292 1519 Battum

177 1554 495 1632 commemoraverim
529 1572 583 1635 en,
615 1554 719 1625 habes
750 1552 887 1621 eandem
924 1553 1160 1636 confusionem,
1192 1573 1293 1636 quam

177 1752 276 1814 supra
293 1731 485 1808 statuimus3
502 1749 560 1812 pro
570 1727 754 1793 ἝΠΕΣΙΝ
763 1729 847 1812 legit
863 1730 972 1795 scriba
988 1678 1154 1813 'hiliizlltl
1166 1731 1292 1819 itaque

176 1839 290 1905 mirum
313 1835 396 1905 illud
417 1841 552 1917 ἱστορεῖν
575 1838 609 1901 ἐν
632 1837 857 1916 ἐπιγράμμασιν
879 1836 1091 1921 intelligitur.

263 1965 400 2043 ltaque:
425 1981 496 2029 cum
519 1963 626 2028 locum
648 1963 773 2028 habeat
798 1961 1001 2045 epigramma
1024 1980 1089 2026 non
1112 1963 1201 2028 inter
1221 1963 1291 2028 Me·

177 2072 331 2154 leagreos
355 2076 473 2151 poetas
497 2106 540 2116 —
562 2089 639 2134 nam
661 2068 757 2134 huius
781 2087 822 2133 ex
845 2086 965 2133 corona
984 2068 1153 2151 Apollonii
1168 2070 1293 2136 Rhodii

178 2177 420 2260 epigrammata
443 2175 593 2241 delibata
616 2181 730 2241 essent
755 2214 806 2256 -‚
829 2174 927 2257 immo
949 2173 1039 2240 inter
1061 2175 1157 2257 primi
1181 2181 1219 2242 et·
1242 2196 1291 2242 se··

177 2281 274 2350 cundi
296 2286 372 2363 post
396 2279 566 2346 Christum
596 2280 734 2363 saeculi,
768 2300 839 2347 cum
863 2282 970 2347 altero
1001 2281 1072 2347 loco
1102 2283 1137 2351 iu
1159 2282 1291 2349 Antho-

174 2388 265 2472 logia
288 2387 449 2453 Palatina
473 2381 591 2466 ἄδηλον
615 2388 669 2466 sit,
702 2407 773 2454 oum
796 2387 831 2453 in
853 2388 1027 2454 Planudea
1049 2393 1087 2453 ut
1116 2385 1293 2452 ἀδέσποτον

175 2497 318 2576 feratur,
359 2513 432 2560 cum
465 2492 661 2576 Apollonius
695 2495 844 2560 Rhodius
878 2514 1038 2576 nusquam
1073 2503 1291 2578 cognomento

174 2600 387 2683 γραμματικός
411 2599 619 2683 significatus
643 2602 703 2682 sit,
736 2620 809 2666 cum
832 2600 971 2681 denique
999 2599 1122 2666 scholio
1145 2601 1197 2666 illi
1219 2601 1291 2666 An·

176 2709 282 2775 tonini
303 2696 481 2773 ¹Liberalis
515 2707 611 2773 fidem
649 2707 833 2773 habendam
863 2726 927 2772 non
964 2725 1038 2773 esse
1073 2706 1291 2790 docuerimus,

173 2834 279 2897 neque
302 2813 495 2879 defenditur
510 2814 720 2895 Apollonium
743 2813 909 2880 Rhodium
934 2817 1102 2879 auctorem
1125 2832 1200 2880 esse
1223 2815 1292 2896 epi·

175 2921 370 3005 grammatis
392 2937 497 3000 neque
521 2920 715 3001 explicatur.

264 3045 430 3130 Quomodo
454 3045 558 3128 igitur
588 3045 673 3127 epici
696 3064 812 3121 nomen
839 3045 994 3126 irrepsit?
1018 3044 1234 3128 Epigramma
1257 3045 1292 3111 in

177 3154 357 3236 archetypo
381 3153 500 3217 lemma
523 3152 654 3217 habuit:
681 3159 912 3232 Γραμματικοῦ,
936 3151 1065 3217 nomine
1089 3151 1154 3215 iam
1179 3151 1292 3234 deper-

176 3260 259 3341 dito;
291 3264 384 3325 recte
408 3258 512 3342 igitur
535 3259 704 3324 Planudes
728 3245 978 3342 suprascripsit:
1011 3253 1194 3321 ἀδέσποτον.
1225 3257 1291 3324 Pa·

175 3355 274 3432 latini
303 3365 407 3431 fontis
430 3363 586 3431 librarius
609 3364 757 3431 meminit
780 3365 911 3432 illarum
938 3365 1027 3432 inter
1051 3361 1292 3430 Callimachum

175 3478 209 3559 et
240 3471 451 3554 Apollonium
483 3471 647 3537 Rhodium
676 3471 936 3547 inimicitiarum,
970 3489 1048 3554 ergo
1080 3469 1294 3533 Ἀπολλωνίου

176 3597 294 3662 nomen
310 3577 448 3646 addidit.
474 3577 570 3642 Unde
591 3578 745 3644 librarius
762 3577 963 3645 Bhorribile
979 3577 1060 3642 illud
1075 3573 1294 3676 'mattarios

175 3692 389 3764 γραμματικοῦ
412 3685 532 3749 lemma
554 3684 718 3765 peccavit.

263 3827 424 3895 Videmus
446 3825 551 3908 igitur
573 3828 634 3892 hoc
657 3846 783 3908 quoque
810 3828 881 3894 loco
904 3827 1087 3894 Planudem
1115 3832 1292 3908 praestare

177 3933 334 4001 Palatino
359 3932 474 4000 codici.
519 3935 734 4016 Epigramma
761 3933 864 4016 igitur
889 3934 1102 4016 compositum
1130 3938 1190 4005 est,
1206 3939 1291 4000 tem-

174 4039 306 4121 poribus
345 4039 528 4123 enthologii
562 4039 797 4124 Diogenianei,
837 4059 941 4121 neque
982 4041 1158 4105 abhorrere
1192 4040 1294 4106 huius

266 4338 285 4408 ¹)
304 4339 339 4393 er.
358 4339 390 4394 u.
411 4304 502 4396 oceri
518 4340 559 4396 ua
578 4340 715 4395 antonno
733 4340 792 4395 ιιι.
811 4339 889 4394 raso.
908 4355 934 4408 p.
953 4341 995 4393 ιι.
1016 4345 1045 4394 σι
1063 4341 1106 4394 ιι,
1225 4395 1228 4400 ,
