2946 4852
461 365 748 454 ¹--or-

169 565 241 651 Quo
264 572 427 650 tempore
463 567 664 648 Daphniaca
708 568 889 650 composita
928 569 1013 651 siut,
1051 568 1199 640 fortasse

77 691 348 757 cognoscemus,¹
367 672 413 755 si,
449 692 511 755 quo
550 686 699 757 tempore
735 673 867 758 Oyolus-
891 675 1091 758 compositus
1125 695 1199 745 essa

77 780 241 862 videmur,
267 779 448 864 contigerit
468 779 641 863 indagare.

168 886 376 955 Testimouia
397 905 462 953 nou
485 886 621 953 adsunt:
645 906 723 953 uam
745 893 882 968 praeter
903 907 954 969 oa,
986 907 1071 969 quae
1098 907 1200 971 supra

76 992 303 1076 laudavimus,
331 993 490 1061 scholium
521 997 653 1060 tautum
686 998 801 1060 exstat
830 993 865 1061 in
900 994 1013 1063 codice
1040 994 1198 1063 Palatino

81 1101 125 1167 ad
146 1099 240 1184 prius
256 1091 429 1185 Agathino
452 1100 650 1181 prooemium
675 1119 746 1182 cap.
763 1101 826 1169 IV.
851 1101 1032 1182 adpictum:
1050 1101 1198 1179 Ἀγασίου

76 1214 298 1285 Σχολαστικοῦ
325 1212 500 1287 Mvowuloc
531 1206 571 1270 οὐ
603 1209 766 1284 στέφανος,
800 1205 879 1270 ἀλλὰ
914 1207 1082 1288 συναγωγὴ
1115 1210 1199 1271 νέων

77 1313 333 1396 ἐπιγραμμάτων.
367 1310 526 1388 Ἢκμασεν
549 1317 582 1376 δὲ
598 1308 691 1390 οὗτος
714 1311 892 1392 ὁἈγαθίας
913 1315 961 1377 ἐπὶ
976 1311 1198 1381 Ἰοαστινιανοῐ

76 1424 135 1484 τοῦ
158 1419 312 1499 μεγάλου·
334 1419 469 1500 ἔγραψεν
500 1423 533 1482 δὲ
556 1425 610 1482 καὶ
629 1416 781 1499 Ἱστορίαν
803 1425 853 1482 καὶ
876 1420 916 1483 τὰ
938 1419 1196 1498 ἐπονομαζόμενα

75 1527 248 1605 Δαφνιακά.
281 1522 424 1607 Ἔγραψε
447 1529 480 1589 δὲ
503 1529 602 1589 ταῦτα
626 1524 663 1589 τὰ
686 1527 901 1606 ἐπιγράμματα
925 1527 1005 1608 πρὸς
1027 1527 1197 1605 Θεόδωρον

74 1639 281 1712 δεκουρίωνα.
328 1633 382 1699 Ex
408 1631 461 1699 his
488 1633 571 1699 nihil
598 1633 776 1715 lucramur,
806 1633 864 1699 secl
894 1633 1039 1700 fortasse
1062 1653 1104 1700 ex
1124 1634 1196 1716 ipso

73 1739 245 1823 prooemio
258 1738 442 1820 terminum,
453 1745 534 1821 post
545 1757 639 1819 quem
651 1739 773 1822 Cyclus
785 1740 985 1822 compositus
997 1747 1061 1812 est,
1078 1741 1197 1807 elicere

71 1846 260 1931 continget

164 1954 208 2022 V.
226 1959 279 2017 47.
295 1972 354 2034 sq„
380 1971 459 2019 oum·
475 1953 616 2034 incipiat
639 1953 876 2034 imperatorem·
894 1953 1048 2020 laudibus
1068 1952 1192 2030 afferro,

68 2063 161 2127 haec
185 2058 268 2127 dicit
290 2064 406 2141 poeta:

164 2160 218 2245 Μή
240 2187 292 2241 τις,
307 2162 510 2244 ὑπαυχενίοισ
533 2165 635 2228 Mucio
659 2168 802 2245 ζωστῆρα
825 2165 983 2233 λεπὰὄνοο

163 2270 327 2352 βάρβαρος
348 2272 379 2346 ἐς
400 2275 531 2351 βασιλῆα
553 2270 709 2351 βιὴμαχον
732 2268 817 2346 ὄμμα
840 2272 985 2350 τανύσσῃ.

162 2379 233 2457 Εο,
257 2377 352 2447 vides
374 2377 574 2460 prooemium
598 2377 756 2460 scriptum
780 2396 854 2444 csse
877 2384 950 2444 toto
974 2379 1052 2444 orbo
1073 2385 1193 2459 pacato

65 2486 291 2567 omnibusque
314 2484 410 2551 bellis
433 2484 577 2551 feliciter
605 2484 779 2561 coniectis,
810 2483 938 2566 idest,
968 2490 1045 2566 post
1073 2503 1194 2555 aunum

65 2601 161 2671 558„
196 2611 258 2674 quo
285 2592 411 2658 Persae
439 2591 574 2657 tandem
603 2591 734 2657 subacti
761 2590 796 2656 in
823 2591 1003 2657 Iustiniani
1030 2598 1194 2659 venerunt

64 2700 255 2777 dicionem
279 2697 364 2765 conf.
388 2716 418 2763 v.
445 2703 501 2762 49:

165 2804 239 2885 μηδ’
264 2804 309 2868 ἔτι
330 2809 440 2884 Περσὶς
463 2804 581 2883 ἀνάλκη
605 2801 828 2868 ἀνασαείλονσα
851 2803 1034 2884 καλύπτρην

164 2907 285 2991 ὄρθιον.
303 2907 490 2990 ἀνθήσειεν.
594 2929 621 2975 e.
640 2931 669 2992 q.
685 2930 711 2977 s.

161 3017 283 3099 Neque
306 3016 408 3083 multo
429 3021 505 3098 post
526 3035 641 3098 pacem
656 3016 850 3082 restitutam
868 3015 1005 3098 (lycium
1021 3027 1193 3089 consutum

65 3144 157 3195 esso
170 3123 251 3193 inde
272 3122 312 3189 fio
334 3122 523 3202 verisimile,
547 3123 633 3204 quod
654 3125 793 3206 hymnus
809 3122 843 3188 iu
859 3122 1038 3189 Gaesarem
1056 3130 1193 3205 propter

64 3230 235 3301 victrices
258 3229 329 3297 aius
352 3229 518 3296 bellorum·
534 3229 760 3311 expeditiones
783 3237 854 3296 tum
870 3230 975 3296 minus
992 3236 1192 3311 opportunus

65 3341 205 3420 fuisset,
229 3335 260 3403 si
281 3335 472 3403 multisoni
487 3335 685 3417 interponis
701 3340 736 3401 ot
751 3335 907 3417 prooemii
923 3342 1075 3418 tempora
1089 3336 1191 3409 inter·

68 3444 269 3513 cessissent.
292 3441 464 3527 Agathias
476 3461 554 3526 ergo
569 3441 739 3508 contexuit
752 3442 1038 3526 coronsmvigiuti
1049 3443 1191 3524 quinque

67 3550 211 3623 circitor
229 3553 462 3619 anuosnatus.
497 3550 593 3615 Ante
609 3548 695 3613 hanc
711 3551 857 3614 aetatem
874 3548 978 3631 igitur
991 3549 1191 3631 Daphuiaoa

68 3657 180 3727 edidit
202 3654 326 3745 vigiuti
348 3654 494 3722 fortasse
518 3674 623 3722 annos
645 3660 754 3721 natus.
1168 3709 1171 3713 ,

160 3750 432 3847 Daphniacorum
446 3761 637 3845 fragmenta
653 3761 893 3844 epigrammate
909 3760 975 3841 illo,
993 3760 1078 3842 quod
1090 3779 1191 3842 supra

70 3869 288 3951 excussimus,
314 3874 462 3952 excepto,
486 3888 560 3934 mea
581 3868 711 3949 quidem
730 3866 909 3946 sententie,
934 3867 967 3934 iu
982 3865 1190 3951 Anthologia

70 3978 167 4045 nulla
180 3975 410 4057 inueniuntur3
427 3994 504 4041 uam
520 3976 582 4041 duo
598 3975 658 4041 iila
673 3973 841 4056 poematia
852 3975 1088 4055 hexametrica,
1105 3992 1190 4054 quaa

70 4081 343 4166 Sterubaohius1)
364 4082 570 4164 Daphniacis
595 4080 778 4146 addicenda
801 4080 944 4163 putavit,
969 4081 1046 4147 sola·
1065 4080 1189 4146 coniec-

163 4315 184 4383 1)
204 4311 296 4368 molet.
315 4327 359 4381 gr.
378 4328 403 4379 p.
424 4312 478 4378 29.;
497 4326 558 4379 app.
578 4327 603 4378 p.
624 4311 665 4364 37.
