2946 4852
589 429 808 499 ...20-

232 601 408 667 Oorrector
430 600 457 668 Ο
480 602 617 667 formam
640 608 820 665 novatiano
844 603 948 678 solam
972 604 1117 678 admisit.

231 708 347 776 Scriba
371 708 423 794 8¹)
451 711 523 786 sola
553 716 722 773 λουκίλλου
750 709 854 777 forma
884 714 1051 778 utebatur.
1097 713 1131 778 A
1154 713 1255 779 libra·

139 815 189 885 rio
220 816 264 896 A,
303 817 389 897 quod
422 816 698 884 Stadtmuellerus
734 822 896 898 testatur,
936 819 1056 885 lemma
1089 838 1255 899 nunquam

140 926 313 991 exaratum
337 928 399 987 est.

15 1094 26 1107 .
63 1112 66 1121 ι
228 1028 361 1094 Lucillii
384 1027 494 1094 vitae
517 1034 564 1102 ut,
589 1047 673 1109 quae
690 1029 855 1094 enucleari
871 1030 1011 1112 possint,
1036 1032 1254 1107 enucleemus,

15 1111 41 1135 ”²
140 1136 266 1202 fontem
288 1135 477 1217 primarium
502 1154 634 1200 carmen
656 1137 722 1200 IX.
748 1139 821 1198 572.
847 1137 1014 1203 adeamus.
1061 1139 1156 1204 Unde
1181 1157 1254 1204 con-

140 1243 297 1308 cluditur:

230 1352 261 1427 1)
285 1366 417 1413 carmen
441 1366 525 1423 esse,
548 1366 611 1428 quo
628 1347 856 1413 collectionem
873 1348 1145 1432 epigrammatum
1160 1351 1254 1416 inau-

138 1455 283 1540 guravit.

229 1563 262 1648 2)
287 1581 420 1628 carmen
444 1562 582 1628 alterius
605 1581 680 1628 esse
705 1563 924 1644 collectionis,
952 1563 1066 1644 itaque
1090 1584 1163 1630 eum
1186 1566 1253 1631 iam

138 1676 241 1736 antea
257 1669 518 1752 epigrammaton
541 1669 659 1734 librum
683 1707 726 1715 —
743 1687 873 1735 suorum
896 1669 1024 1737 scilicet
1040 1708 1082 1717 -
1098 1671 1253 1739 edidisse.

227 1776 261 1862 3)
284 1774 409 1841 Neroni
437 1775 629 1857 imperatori
657 1775 846 1841 dedicatam
869 1795 943 1842 esse
966 1777 1108 1843 alteram
1134 1780 1251 1845 collec-

136 1883 268 1948 tionem.

226 1991 259 2073 4)
287 1988 461 2055 Lucillium
491 1988 602 2071 paullo
634 1995 713 2053 ante
745 2007 766 2052 a
796 1989 929 2054 Nerone
964 1988 1047 2056 dono
1082 1992 1252 2073 accepisse

136 2095 315 2179 pecuniam.

226 2202 259 2287 5)
282 2205 333 2268 Eo
357 2201 562 2268 convincitur
586 2221 658 2267 eum
682 2208 784 2267 antea
807 2205 867 2266 aut
889 2221 1065 2284 pauperem
1090 2209 1149 2270 aut
1174 2224 1252 2270 aere

135 2309 244 2376 alieno
268 2326 459 2391 oppressum
482 2307 595 2374 fnisse.

225 2415 259 2499 6)
274 2415 465 2483 Verisimile
489 2421 542 2481 est
564 2415 739 2480 Lucillium
759 2415 885 2480 Romae
909 2422 1142 2482 commoratum
1166 2437 1251 2502 esse,

135 2523 212 2604 quia
236 2541 257 2587 a
279 2522 413 2588 Nerone
437 2520 555 2603 dignus
578 2523 774 2602 habebatur,
798 2521 961 2602 quidone
985 2527 1170 2587 ornaretur.

223 2627 366 2708 Reliqua
390 2628 538 2692 carmina
560 2627 590 2692 si
606 2628 871 2709 contemplemur,
895 2647 1003 2709 pauca
1020 2628 1141 2693 addere
1157 2629 1249 2712 licet,

135 2736 251 2816 quibus
275 2733 368 2799 modo
393 2733 483 2800 dicta
506 2734 727 2800 illustrantur.

221 2843 462 2922 Imperatorem
487 2840 618 2922 saepius
641 2840 786 2916 invocat,
811 2839 870 2906 sed
891 2859 951 2922 pro
972 2847 1063 2907 certo
1081 2842 1251 2909 adfirmari

133 2948 248 3029 nequit
272 2965 400 3029 semper
421 2948 587 3013 Neronem
610 2947 861 3030 intelligendum
884 2965 968 3012 esse.
1004 2947 1089 3014 Sunt
1111 2949 1146 3014 hi
1169 2950 1249 3015 loci:

133 3056 198 3122 XI.
231 3059 302 3130 75‚1
333 3056 484 3130 Σεβαστὲ,
522 3058 619 3128 116‚1
650 3055 782 3116 δέσποτα
813 3062 946 3133 Καῖσαρ,
987 3059 1078 3136 132,1
1112 3058 1251 3118 δέσποτα

134 3174 265 3242 daurom
295 3162 357 3226 hoc
383 3164 417 3226 in
446 3160 590 3226 carmine
612 3178 643 3227 v.
669 3168 696 3222 5.
721 3159 869 3226 videmus
893 3156 919 3221 ὦ
943 3155 1040 3221 ὕπατε
1064 3167 1137 3236 Ζεὺς
1163 3163 1249 3227 unde

132 3267 285 3350 quaestio
314 3268 474 3348 exoritur,
505 3271 616 3344 utrum
643 3285 680 3331 re
707 3285 789 3332 vera
812 3266 968 3348 duppiter
996 3284 1039 3330 an
1067 3265 1251 3348 imperator

132 3376 166 3442 in
190 3376 323 3441 deorum
346 3392 514 3439 numerum
537 3379 690 3455 receptus
713 3374 888 3438 invocatus
916 3372 976 3449 sit3
1006 3391 1102 3452 quam
1132 3392 1249 3452 quaes·

132 3482 256 3548 tionem
284 3482 461 3547 decernere
489 3481 577 3557 nolo;
611 3480 669 3544 sed
698 3478 726 3543 si
753 3478 811 3543 ille
839 3464 988 3556 δεὰπὸτης
1011 3487 1129 3557 Καῖσαρ
1156 3480 1250 3545 Nero

133 3595 231 3669 esset,
256 3588 432 3653 terminum
454 3588 659 3668 haberemus,
684 3589 760 3667 post
784 3603 878 3675 quem
902 3584 1104 3665 epigramma
1121 3604 1249 3667 compo-

132 3695 232 3760 situm
255 3699 355 3774 esset,
381 3693 510 3759 scilicet
532 3697 608 3774 post
632 3710 753 3756 annum
770 3696 820 3752 55.
842 3709 873 3770 p.
891 3687 967 3754 Chr.
985 3693 1053 3769 n.²)‚
1078 3709 1141 3769 quo
1157 3692 1248 3758 Nero

131 3819 168 3867 se
194 3802 267 3884 ipse
295 3801 391 3866 deum
421 3797 652 3882 promulgavit.
700 3796 861 3877 Equidem
892 3801 1008 3860 contra
1039 3797 1249 3862 enuntiatum

43 3955 46 3957 Α
130 3900 157 3968 ὦ
174 3900 274 3971 ὕπατε
289 3916 349 3970 Ζεῦ
371 3904 532 3973 nostrati:
560 3906 643 3986 „ach
659 3903 702 3968 du
724 3903 828 3967 lieber
844 3901 967 3968 eota-1⁰
994 3920 1187 3984 comparem.
1205 3947 1247 3955 -

129 4013 239 4082 Unum
268 4034 310 4081 ex
341 4014 403 4079 hoc
431 4012 672 4095 epigrammata
700 4007 854 4073 discimus
892 4007 1043 4073 iuvenem
1070 4009 1248 4075 Lucillium

221 4175 241 4243 1)
260 4169 454 4237 Weisshaeupl
472 4169 489 4223 l.
508 4167 527 4221 l.
546 4183 607 4235 app.
628 4167 669 4220 19.

221 4263 243 4332 2)
263 4259 387 4325 schiller,
412 4257 484 4312 Nero
504 4257 564 4311 581.
602 4254 742 4309 Beurlier:
767 4254 841 4309 essai
864 4268 911 4307 sur
933 4253 960 4309 le
984 4253 1058 4308 culte
1082 4254 1169 4308 rendu
1193 4271 1247 4326 aun

84 4401 87 4410 .
125 4359 288 4419 emperaurs
307 4345 435 4402 romains.
474 4345 551 4400 1891.
587 4360 613 4413 p.
633 4344 675 4398 72.
712 4342 856 4414 Borghesi.
875 4341 996 4399 Oauvres
1014 4343 1102 4409 5129.
1122 4344 1182 4398 233.
