2946 4852
619 422 843 481 ..50-

177 597 251 657 372.
276 597 349 659 386.
375 598 450 657 391.
476 592 524 678 (12
547 591 740 660 Germanici
763 593 919 661 Caesaris
946 592 1097 679 mortem)
1127 595 1193 662 IX.
1218 601 1293 660 236.

176 705 251 764 279.
276 704 349 763 289.
374 699 423 764 X.
457 703 529 762 102.
576 699 705 781 Mirum,
729 701 817 781 quod
846 700 907 767 boc
930 700 1133 785 epigramma
1163 703 1294 769 nomine

71 837 73 842 ·
175 813 358 887 Σμυρναίου
390 809 541 872 ornatum
578 813 649 882 est,
680 812 719 872 ut
750 805 850 872 facile
880 807 1056 874 concludas
1088 808 1188 875 alium
1220 828 1294 876 esse

175 914 327 993 Bassum,
351 911 528 994 praecipue
552 929 623 979 cum
646 912 735 978 inter
750 912 873 979 Lucilii
894 918 929 979 et
944 912 1104 980 Nicarchi
1125 915 1295 997 poematia

174 1019 281 1086 locum
303 1019 428 1085 habeat
448 1018 650 1102 epigramma
661 1018 696 1098 1).
736 1017 832 1102 Quod
847 1020 947 1086 certis
964 1021 1169 1104 argumentis
1185 1021 1295 1089 evinci

175 1126 299 1207 nequit,
317 1131 352 1191 et
372 1125 444 1206 quis
460 1124 525 1191 scit
540 1125 684 1201 Lollium
698 1126 842 1192 Bassum
857 1145 922 1192 non
938 1126 1153 1209 Smyrnaeum
1168 1127 1294 1196 fuisse?

174 1233 337 1315 Equidem
365 1231 538 1313 Philippeo
566 1236 686 1315 poetae
714 1231 917 1315 epigramma
951 1232 1086 1299 reddam
1114 1252 1220 1316 neque
1247 1236 1294 1302 in·

176 1339 324 1406 auditum
348 1344 401 1404 est
424 1339 530 1404 locum
552 1337 608 1404 hic
631 1339 764 1416 babere,
797 1357 868 1420 curu
898 1357 1001 1420 usque
1024 1340 1068 1406 ad
1090 1340 1294 1424 epigramma

177 1451 228 1509 67.
260 1446 394 1529 longam
426 1463 467 1510 ex
496 1444 802 1511 Thessalonicensis
839 1444 983 1528 στεφάνῳ
1020 1446 1294 1531 epigrammatum

175 1553 293 1618 seriem
316 1556 507 1634 excerptam
536 1551 714 1618 videamus.
760 1552 802 1618 In
825 1552 975 1619 Palatini
998 1552 1091 1619 fonte
1114 1554 1203 1621 baud
1225 1556 1293 1621 scio

175 1677 219 1724 an
242 1658 445 1740 adscriptum
468 1657 570 1724 fuerit
594 1658 669 1724 buic
692 1657 812 1736 ordini3
833 1658 988 1725 librarius
1003 1660 1155 1727 Palatini
1172 1661 1294 1728 codicis

175 1765 296 1832 oblitus
331 1772 405 1832 erat
441 1783 581 1831 exarare
612 1770 661 1847 et,
697 1783 769 1830 cum
804 1766 954 1831 mendum
989 1767 1292 1850 animadvertisset,

165 1872 319 1963 addidit,
354 1872 411 1937 ubi
444 1871 581 1954 primum
617 1871 763 1938 calamus
798 1873 1006 1939 substiterat.
1037 1910 1085 1955 ,—
1120 1874 1293 1941 Planudea

173 1979 340 2045 Nicarcho
367 1978 527 2044 tribuitur
553 1984 689 2061 propter
720 1977 841 2045 similia
863 1978 1059 2045 Nicarcheis
1088 1983 1140 2042 71.
1173 1986 1209 2047 et
1241 1987 1292 2046 73.

175 2087 447 2169 epigrammatum
472 2090 678 2168 argumenta.
704 2120 744 2130 --

262 2193 329 2258 XI.
357 2197 430 2256 123.
454 2196 490 2257 et
513 2199 587 2256 414.
605 2191 684 2257 miro
701 2192 857 2257 librorum
873 2211 1035 2259 consensu
1049 2196 1087 2258 ut
1103 2194 1292 2280 Hedyli2)

174 2299 334 2381 feruntur,
353 2299 444 2365 onius
460 2298 682 2365 esseminime
698 2305 845 2380 possunt,
864 2317 935 2365 cum
950 2300 1159 2383 Meleagreos
1175 2307 1293 2384 poetas

175 2406 285 2488 capite
308 2405 478 2472 undecimo
501 2406 590 2471 inter
605 2405 853 2488 Diogenianeos
875 2424 940 2471 non
963 2405 1177 2474 inveniamus.
1217 2408 1293 2480 Viri

175 2512 273 2587 docti,
306 2531 491 2594 quanquam
523 2513 578 2578 diu
602 2513 642 2579 de
671 2513 806 2577 medelis
835 2511 1075 2595 cogitaverunt,
1103 2515 1292 2582 1222221-

175 2618 219 2683 hil
248 2619 418 2701 probabile
453 2619 660 2685 invenerunt.
712 2618 873 2699 Equidem
907 2619 1005 2684 aliam
1038 2621 1199 2685 medelam
1227 2640 1293 2686 non

174 2726 305 2808 repperi
328 2725 404 2819 ‚nisi
427 2731 565 2806 utroque
596 2727 668 2791 loco
700 2724 1002 2792 commutationem:
1034 2724 1229 2790 ‘HAV'AOY
1258 2729 1293 2794 in

176 2823 349 2908 PA’VTOJ',
382 2832 467 2912 quod
494 2831 649 2897 librarius
683 2832 713 2896 B
741 2849 841 2913 saepe
871 2831 919 2896 sic
949 2832 1110 2900 exaravit.
1157 2831 1293 2914 Optime

174 2941 261 3006 enim
284 2938 439 3006 convenit
463 2937 629 3005 scribendi
644 2957 748 3022 genus
765 2938 813 3004 eis
830 2937 1089 3022 epigrammatis,
1106 2957 1191 3020 quae
1203 2946 1293 3006 utro·

175 3065 238 3127 que
261 3047 332 3111 loco
357 3045 567 3111 antecedunt.

263 3151 506 3235 Epigrammati
544 3153 612 3218 IX.
654 3157 726 3215 103.
770 3170 888 3218 nomen
931 3151 1191 3233 suprascriptum
1238 3159 1292 3220 est

174 3263 375 3323 MOVNAOJ'
386 3264 525 3321 MOJ'NA
532 3265 639 3322 7107.
678 3258 721 3323 12
736 3277 799 3339 quo
814 3258 1025 3340 praenomine
1041 3258 1159 3324 vitium
1181 3259 1292 3325 inesse

174 3365 381 3432 existimavit
412 3365 650 3447 Bruuekius8),
686 3366 764 3446 quia
796 3382 890 3430 nemo
923 3363 1200 3431 Munatiorum
1230 3367 1293 3432 hoc

173 3493 289 3540 nomen
326 3472 516 3539 adsciverit.
573 3472 736 3552 Equidem
769 3471 921 3534 Mododov
954 3471 1064 3554 potius
1098 3489 1156 3552 pro
1193 3470 1292 3537 ditto-

175 3579 315 3664 graphia
338 3579 430 3645 vocis
454 3584 636 3642 Μουνατίου
661 3579 812 3643 babeam.
858 3579 899 3643 In
922 3577 1095 3644 Planudea
1117 3577 1202 3642 idem
1227 3579 1292 3661 epi·

174 3705 324 3770 gramma
347 3684 495 3752 Antonio
527 3685 672 3768 Argivo,
705 3685 796 3750 cuius
828 3685 1030 3767 epigramma
1058 3684 1091 3748 in
1123 3684 1292 3751 Vaticano

80 3834 82 3838 -
175 3793 286 3859 codice
318 3793 499 3875 praecedit,
534 3793 647 3870 datur3
684 3791 762 3857 hinc
796 3792 901 3875 igitur
928 3790 1089 3878 Planndis
1117 3808 1220 3856 error.
1251 3827 1289 3840 -

173 3899 345 3965 Munatius
368 3906 466 3965 notus
490 3904 543 3965 est
567 3898 768 3980 Trallianus,
785 3897 930 3964 Herodis
953 3897 1066 3964 Attici
1080 3903 1291 3979 praeceptor.

175 4004 258 4070 conf.
281 4006 439 4071 Philostr.
460 4006 529 4073 Vit.
552 4005 649 4086 Sopb.
670 4005 699 4070 Ι.
726 4009 777 4068 25.
800 4010 836 4070 et
864 4006 904 4071 Π
931 4011 977 4070 14.

168 4157 169 4160 “
264 4164 285 4234 ¹)
305 4162 339 4218 cf.
359 4160 508 4230 Loicbinm,
527 4161 614 4231 praef.
634 4179 660 4231 p.
679 4161 727 4216 VI.

250 4249 286 4322 ρ’)
305 4251 447 4306 Sucomihl.
466 4250 484 4305 l.
505 4250 579 4307 1.11.
599 4250 660 4306 638.
680 4249 741 4304 adn.
762 4252 803 4305 74.

169 4365 173 4374 ’
264 4340 287 4410 ⁸)
305 4340 450 4397 Lectiones
468 4355 532 4410 pag.
553 4339 612 4395 188.
