2946 4852
626 397 846 455 --39-

174 568 303 634 riorum
343 567 579 648 imperatorum
614 570 816 650 temporibus
854 569 1042 652 florentem,
1079 572 1170 636 cuius
1204 573 1296 638 lusus

174 674 404 757 Diogenianus
436 674 669 755 excerpsisset.
722 674 849 741 Contra
878 676 1064 758 nupemime
1092 674 1295 743 Stadtmuel·

172 785 263 848 lerus
276 780 302 866 ¹)
316 800 414 846 unum
427 781 530 846 solum
542 781 743 847 Nicarehum
755 783 880 848 vixisse
894 783 1295 866 epigrammatographum

174 889 284 955 obiter
317 887 487 953 contendit
516 887 612 952 simul
635 887 803 968 pollicitus
829 895 949 969 postea
979 889 1075 956 huius
1107 891 1296 957 sententiae

173 1000 374 1078 argumenta
399 1012 472 1058 sese
496 993 684 1059 adlaturum
709 1013 792 1059 esse.
840 995 966 1060 Tamen
988 994 1091 1062 liceat
1118 997 1197 1062 mihi
1224 1017 1295 1079 pro·

173 1101 260 1168 ferre
285 1121 336 1176 ea,
361 1120 445 1181 quae
469 1100 532 1167 viri
554 1100 642 1165 docti
660 1101 876 1182 suspicionem
897 1101 1091 1168 confirmare
1106 1103 1294 1171 videantur.

173 1209 336 1290 Exceptis
349 1206 468 1288 capitis
481 1205 644 1272 undecimi
656 1207 905 1289 epigrammatis
914 1208 949 1273 in
961 1209 1127 1277 lemmatis
1136 1209 1295 1277 Nicarchi
1322 1272 1323 1275 ,

173 1316 304 1381 nomine
332 1314 493 1397 praeditis
522 1351 563 1360 -
596 1332 680 1393 quae
713 1315 822 1380 omnia
852 1315 908 1379 uni
940 1315 1109 1396 eidemque
1140 1317 1296 1400 scriptori

175 1421 421 1488 adnumeranda
463 1427 555 1500 sunt,
595 1420 736 1485 maxime
758 1428 909 1502 'propter
946 1421 1191 1489 Lucilianorum
1229 1424 1296 1507 epi-

175 1536 396 1613 grammatum
421 1526 663 1593 aemulationes
686 1564 729 1574 —
752 1527 836 1592 haec
864 1527 1106 1612 epigrammata
1128 1529 1297 1596 Nicarcho

174 1637 377 1701 tribuuntur:

260 1743 303 1812 V.
330 1745 481 1806 rra-40.
528 1739 701 1820 Νικάρχου.

263 1854 314 1912 67.
352 1854 538 1922 Καπίτωνος
571 1846 758 1912 Palatinus.
810 1848 973 1928 Νικάρχου
1011 1849 1197 1924 Planudes,
1241 1850 1297 1930 qui

177 1946 344 2023 coniunxit
366 1957 428 2021 hoc
451 1954 656 2038 epigramma
680 1973 750 2018 cum
769 1955 950 2021 Palatinae
974 1956 1016 2024 V.
1036 1961 1098 2029 98..
1121 1974 1294 2038 perperam

177 2064 333 2130 nimirum.

260 2169 320 2238 Vl.
346 2173 398 2232 31.
429 2165 546 2248 άδηλου
571 2169 613 2251 [οἱ
637 2165 671 2230 δὲ
694 2164 871 2254 Νικάρχου]
900 2168 987 2247 Pal.;
1020 2188 1105 2249 quae
1132 2169 1226 2235 uncis
1248 2169 1297 2235 iu·

180 2275 272 2347 clusi,
305 2294 448 2341 amanu
471 2274 656 2341 recentiore
688 2273 816 2356 scripta
847 2280 941 2352 sunt3
972 2274 1048 2342 vide
1076 2274 1297 2343 D’Orvillium

182 2383 219 2448 ad
240 2381 367 2450 Oharit
391 2403 422 2465 p.
448 2387 523 2449 345.

264 2569 336 2627 285.
386 2509 486 2640 Νικαά
510 2564 596 2622 δοκεῖ
618 2560 692 2624 Pal.
717 2509 818 2639 Νικάά
841 2560 1019 2625 Planudes.

263 2741 342 2808 VH.
372 2742 444 2802 159.
470 2686 580 2818 Νικαά.
605 2737 679 2803 Pal.
704 2733 890 2801 ἀδέσποτον.
914 2738 1091 2804 Planudes.
1202 2751 1205 2757 '

269 2853 339 2913 166.
363 2848 576 2924 Διοσκορίδου,
602 2846 632 2906 οἱ
655 2846 689 2907 δὲ
711 2844 885 2923 Νικάρχου,
910 2863 1010 2911 manu
1035 2843 1241 2910 correctoria.

264 2959 336 3018 570.
362 2950 550 3026 ἀδέσποτον,
575 2951 611 3017 in
630 2951 872 3017 recentioribus
883 2952 1077 3027 Planudeae
1096 2951 1297 3018 editionibus

190 3061 345 3142 Νικάρχου.

261 3167 327 3234 ΙΧ.
354 3171 429 3233 330.
454 3164 628 3246 Νικάρχου.

261 3276 327 3341 ΙΧ.
355 3279 427 3337 576.
474 3271 647 3352 Νικάρχου.

261 3383 335 3448 Iam
349 3381 444 3450 vides
459 3381 501 3450 V.
516 3385 665 3444 38.-40.
682 3383 717 3444 et
732 3378 800 3445 IX.
819 3384 892 3446 330.
909 3385 943 3445 et
961 3382 1034 3443 576.
1053 3377 1297 3462 epigrammata

192 3487 247 3554 sola
268 3489 302 3556 in
324 3494 467 3569 utraque
490 3485 700 3569 Anthologia
722 3505 782 3569 pro
811 3491 903 3552 certo
925 3485 1092 3551 Nicarcho
1121 3484 1294 3564 vindicari,

192 3598 273 3662 etex
294 3596 347 3662 his
370 3595 500 3677 quidem
523 3595 589 3660 IX.
615 3600 690 3660 576.
714 3600 755 3659 ut
777 3592 914 3659 iunioris
936 3591 1099 3658 Nicarchi
1122 3611 1160 3657 eo
1184 3591 1296 3659 deien-

192 3698 277 3778 ditur,
305 3703 391 3785 quod
423 3702 626 3768 antecedunt
650 3699 772 3767 Lucilii
803 3701 903 3782 (572.)
939 3704 975 3764 et
1002 3698 1172 3764 Ammiani
1206 3698 1295 3785 (573.

193 3807 284 3894 usu)
307 3808 487 3894 poematia,
515 3806 707 3892 fragmenta
730 3806 835 3889 igitur
858 3811 936 3872 sunt
960 3811 1118 3886 quattuor
1140 3803 1201 3870 illa
1224 3823 1294 3870 car·
1372 3799 1374 3807 '

192 3913 265 3981 mina
285 3915 506 4002 Diogenianei
532 3914 695 3998 florilegii.
743 3913 825 3980 uum
849 3913 891 3981 V.
918 3918 1069 3977 aa-40.
1098 3913 1182 3978 bene
1211 3929 1295 3977 com·

191 4021 287 4099 parari
323 4027 462 4106 possunt
501 4041 573 4088 cum
611 4021 678 4087 XI.
720 4026 747 4086 7.
788 4019 1043 4102 epigrammate,
1083 4019 1169 4099 quod
1204 4023 1296 4084 certe

269 4323 288 4390 ι)
304 4324 375 4381 Berl.
395 4323 468 4396 phil.
488 4322 684 4381 Wochensehr.
706 4320 784 4390 1889,
807 4299 883 4376 maa
899 4337 941 4388 sq.
