2946 4852
537 397 756 464 ..3...¹

165 570 240 636 Iam
264 587 466 652 quaeremus,
499 589 579 650 quos
611 574 729 652 poetas
758 575 794 636 et
817 569 929 650 qualia
952 569 1192 653 epigrammata

79 676 281 742 continuerit
310 675 512 759 Diogeniani
547 675 715 751 collectio,
753 680 787 742 ct
823 675 980 756 quomodo
1012 678 1194 761 composita

77 784 182 850 fuisse
204 783 367 849 videatur.
413 785 467 850 Ac
497 787 669 865 poetarum
699 782 829 863 quidem
852 782 1103 867 Weigandius1)
1126 784 1193 850 iam

78 891 166 956 satis
189 910 343 973 magnum
367 889 503 972 collegit
531 908 707 972 numerum,
740 889 862 956 multos
892 894 1007 956 tamen
1029 889 1124 968 falso,
1156 896 1195 956 ut

78 1002 169 1079 puto,
201 996 329 1062 attulit.
376 998 418 1062 ln
447 996 638 1062 universum
662 996 833 1062 dicendum
862 1001 914 1063 cst
937 995 1116 1063 verisimile
1138 997 1196 1063 vix

80 1123 153 1169 esse
177 1103 420 1186 Diogenianum
443 1103 685 1186 epigrammata
713 1108 894 1184 poetarum,
927 1103 982 1184 qui
998 1103 1078 1192 iam
1109 1104 1195 1170 alias

79 1229 217 1276 coronas
233 1211 407 1289 ornabant,
425 1228 505 1274 suae
521 1208 709 1274 collectioni
721 1209 903 1285 addidiss03
920 1210 1016 1275 immo
1029 1211 1196 1293 excerpsit

80 1337 121 1382 ex
145 1316 284 1398 singulis
307 1316 401 1382 libris
427 1315 670 1398 epigrammata
693 1320 866 1398 poetarum
883 1315 1056 1400 Caligulae
1080 1299 1195 1385 aetate

79 1423 300 1494 recentiorum
322 1441 426 1503 usque
451 1422 494 1488 ad
517 1441 578 1488 sua
594 1421 708 1503 ipsius,
733 1422 776 1487 ad
791 1423 958 1489 Hadriani
983 1429 1018 1490 et
1032 1423 1197 1491 Antonini

81 1530 137 1594 Pii
159 1529 230 1594 fere
253 1535 413 1611 tempora,
437 1530 489 1594 ita
511 1534 549 1594 ut
564 1529 765 1611 Diogeniani
782 1530 1007 1612 anthologium
1030 1531 1197 1613 poematia

81 1639 177 1702 unius
206 1635 340 1700 circiter
370 1635 495 1701 saeculi
528 1636 714 1701 contineret
738 1636 956 1716 edereturque
980 1637 1068 1703 circa
1092 1656 1197 1704 annos

84 1749 279 1806 len-150.
332 1743 473 1808 Inerant
509 1742 613 1825 igitur
644 1745 735 1807 certe
765 1742 924 1825 florilegio
956 1744 1216 1827 epigrammata-

80 1847 259 1932 Ammiani,
284 1850 427 1931 Lucillii,
451 1849 621 1925 Nicarchi,
646 1848 826 1931 Gaetulici,
851 1850 998 1932 Traiani,
1020 1851 1196 1928 Hadriani,

82 1957 248 2039 Philonia,
285 1976 365 2038 quos
401 1975 511 2022 omnes
546 1956 638 2023 hisce
672 1955 872 2037 temporibus
907 1949 1031 2023 virisse
1066 1957 1196 2023 scimus.

83 2063 161 2130 Nisi
183 2063 271 2129 forte
295 2063 507 2131 Gaetulicum
531 2065 667 2130 eundem
691 2063 793 2129 fuisse
817 2069 918 2145 atque
935 2064 993 2131 (ln.
1011 2064 1199 2131 Cornelium

83 2171 262 2236 Lentulum
279 2169 488 2237 Gaetulicum
496 2175 521 2252 2)
538 2177 573 2237 et
589 2172 761 2236 Philonem
773 2171 974 2253 Byblensem
988 2173 1079 2237 illum
1096 2171 1199 2238 luisse

84 2277 336 2360 grammaticum
344 2281 368 2359 ³)
391 2297 505 2360 negas.
1216 2272 1218 2277 ’

174 2383 239 2449 Sed
263 2385 365 2449 etiam
390 2385 473 2449 alios
496 2389 615 2466 poetas
637 2383 799 2467 indagare
815 2402 985 2466 possumus
1007 2385 1109 2450 series
1133 2385 1199 2467 epi·

85 2494 304 2572 grammaton
326 2487 404 2552 κατὰ
424 2504 577 2568 στοιχεῖον
593 2475 819 2571 incipientium
839 2491 1091 2572 perlustrantes.
1130 2490 1200 2556 Ad-

84 2601 181 2678 paret
205 2596 290 2660 enim
315 2615 370 2662 eos
393 2601 522 2678 poetas,
547 2615 683 2678 quorum
700 2596 942 2679 epigrammata
966 2598 1201 2664 elementorum

86 2703 200 2767 ordine
212 2702 388 2769 coniuncta
401 2708 487 2781 sunt,
502 2704 708 2769 necessitate
720 2704 861 2783 quadam
871 2703 1004 2769 interae
1014 2706 1199 2786 cohaerere,

87 2809 238 2874 nimirum
268 2810 302 2875 in
333 2809 535 2892 Diogeniani
566 2810 757 2892 anthologio
789 2811 970 2893 composita
1000 2811 1113 2877 fuisse.
1159 2813 1202 2877 In

85 2916 200 2996 primis
223 2916 257 2981 in
280 2916 364 2981 libro
387 2917 567 2993 undecimo,
593 2923 629 2983 et
652 2916 781 2997 quidem
800 2916 898 2982 finem
921 2936 1047 2998 versus
1073 2922 1111 2982 ut
1131 2917 1202 2984 iere

90 3041 229 3103 semper,
254 3022 444 3106 fragmenta
467 3023 573 3088 libelli
595 3022 816 3106 Diogenianei
838 3023 972 3089 meliore
995 3023 1107 3088 ordine
1136 3042 1202 3089 ser·

86 3135 170 3195 vata
201 3134 292 3214 sunt,
324 3131 410 3210 quod
437 3131 583 3196 fortasse
612 3149 691 3196 cum*
708 3131 941 3216 Weigandio4)
973 3149 1010 3196 eo
1043 3130 1203 3213 explicari

86 3241 208 3317 potest,
226 3236 313 3316 quod
328 3236 580 3318 Constantinus,
605 3241 781 3319 postquam
799 3256 920 3318 omnes,
944 3238 999 3318 qui
1019 3238 1050 3303 ci
1066 3244 1203 3320 praesto

87 3348 199 3423 erant,
232 3342 349 3408 titulos
381 3344 540 3425 absolvit,
572 3343 693 3409 iterum
721 3351 823 3424 atque
850 3345 971 3409 iterum
993 3343 1117 3422 fonteS,
1149 3345 1204 3411 vel

86 3448 211 3513 rectius
235 3448 360 3516 iontem
383 3449 587 3531 primarium,
621 3449 856 3530 perquisivisse
886 3449 1020 3516 videtur
1048 3455 1083 3514 et
1107 3449 1203 3532 spici·

88 3555 210 3638 legium
232 3557 328 3636 quasi
350 3556 485 3639 fecisse,
518 3574 580 3636 quo
603 3555 638 3621 in
660 3556 795 3639 negotio
818 3556 921 3622 etiam
943 3556 977 3621 in
993 3575 1102 3638 novos
1125 3575 1203 3622 non·

86 3662 193 3727 nullos
216 3662 332 3728 incidit
356 3663 483 3728 titulos.
1184 3687 1185 3690 ¹

246 3770 391 3835 Maiores
415 3769 517 3852 igitur
541 3769 644 3835 series
668 3771 769 3836 hasce
791 3769 934 3852 repperi:

177 3895 249 3957 cap.
269 3877 335 3941 XI.
360 3881 555 3939 388.-398.
596 3882 707 3939 Α-Π.
748 3876 891 3957 Lucillii,
907 3874 1075 3941 Nicarchi.

178 4034 199 4099 ¹)
217 4033 236 4088 1.
254 4032 273 4087 l.
292 4048 357 4102 pag.
376 4033 436 4088 564.

182 4122 203 4192 ²)
223 4122 256 4177 de
277 4137 329 4189 quo
348 4120 410 4176 vide
430 4120 545 4177 Teuffel.
565 4121 661 4175 histor.
681 4121 736 4176 litt.
750 4136 816 4176 rom.
835 4121 887 4180 Il..l
906 4123 994 4191 291,1.

180 4210 254 4278 8)c1”.
274 4210 368 4265 Rohde
388 4209 405 4264 l.
425 4210 443 4266 l.
462 4227 526 4280 pag.
548 4212 608 4265 180.
627 4210 690 4264 adm.
709 4212 734 4265 3.
754 4216 784 4266 et
803 4211 862 4265 1⁷5.

179 4298 203 4368 ⁴)
222 4299 239 4354 l.
259 4299 277 4354 l.
296 4315 360 4368 pag.
381 4300 440 4354 166.
993 4347 1030 4426 1'*
