2946 4852
534 379 731 436 ..5-

75 549 155 615 illae
179 551 451 633 epigrammatum
469 548 690 624 collectiones,
714 567 821 614 nonne
836 547 1017 625 verisimile
1037 553 1090 615 est
1107 547 1190 614 alios

76 675 202 737 quoque
225 656 456 738 compilatores
481 657 528 722 eis
551 674 628 722 usos
652 656 746 720 esse?
1167 651 1170 656 ’

169 764 251 828 Tum
282 782 323 828 ne
354 763 566 829 manifestum
596 762 723 843 quidem
752 768 818 840 est,
851 761 1106 829 Constantinum
1131 761 1192 827 Oe·

75 869 210 950 phalam
236 870 342 951 ipsum
370 869 571 953 Diogeniani
594 868 820 950 anthologium
844 869 1061 950 excerpsisse
1094 869 1191 935 immo

75 976 288 1042 verisimilius
304 976 384 1041 mihi
398 976 540 1057 videtur,
565 976 657 1042 illum
673 994 798 1057 quoque
824 975 1039 1057 exscripsisse
1054 975 1189 1059 fontem,

76 1082 131 1163 qui
162 1088 222 1148 aut
252 1083 496 1166 Diogenianum
533 1083 639 1164 ipsum
678 1087 737 1148 aut
767 1100 880 1147 rursus
912 1082 982 1148 eius
1013 1081 1191 1165 epitomam

76 1194 212 1270 praesto
241 1190 368 1255 habuit.
411 1190 500 1255 Nam
532 1190 560 1255 si
584 1189 750 1271 Cephalus
778 1191 850 1270 ipse
873 1187 1115 1272 Diogenianum
1142 1188 1191 1254 in·

76 1296 251 1378 spexisset,
277 1296 368 1372 talio,
393 1298 521 1377 qualem
543 1316 630 1362 nunc
646 1305 805 1372 tenemus,
829 1295 1051 1379 Diogenianei
1076 1297 1190 1363 antho-

75 1402 157 1485 logii
176 1404 384 1485 perturbatio
400 1403 534 1485 pristini
551 1403 676 1468 ordinis
691 1402 758 1468 iam
777 1420 841 1468 non
863 1407 1023 1468 exstaret.
1070 1403 1192 1484 Itaque

76 1509 212 1574 Lucillii
236 1516 271 1574 et
295 1510 455 1575 Nicarchi
479 1509 680 1590 aliorumque
711 1508 880 1591 poematia
908 1508 1097 1604 primarium
1122 1509 1191 1589 qui·

77 1617 149 1681 dem
174 1616 389 1699 Diogeniani‚
424 1617 562 1683 tertium
587 1622 703 1682 autem·
723 1616 776 1683 vel
800 1622 953 1697 quartum
977 1614 1192 1681 Constantini

76 1722 201 1788 fontem
225 1722 329 1788 fuisse
352 1742 545 1805 persuasum
567 1725 683 1790 habeo.

164 1830 239 1895 Iam
263 1830 304 1895 de
328 1831 467 1914 singulis
490 1830 598 1913 poetis
623 1830 786 1914 agendum
809 1834 870 1895 est.

165 1936 198 2002 A
222 1935 411 2012 Lucilli0‚
437 1937 493 2018 qui
516 1956 645 2002 -non
668 1936 740 2001 dico
765 1935 917 2017 optimus,
941 1954 1018 2000 nam
1038 1953 1080 2000 ne
1106 1955 1191 2004 unus

76 2043 206 2124 quidem
230 2036 343 2109 horum
358 2052 531 2125 poetarum
554 2045 657 2110 bonus
681 2049 734 2109 est
751 2079 793 2091 -—
810 2041 868 2108 sed
891 2047 1046 2123 praestat
1069 2043 1190 2108 saltem

76 2149 208 2222 ceteris,
234 2150 401 2216 exordium
425 2151 595 2216 iaciamus.

164 2256 299 2322 Lucillii
323 2263 471 2322 aetatem
495 2257 664 2337 vitamque
688 2261 726 2322 ut
749 2273 948 2329 enarremus,
977 2254 1103 2320 iontem
1124 2256 1190 2338 pri·

75 2363 214 2428 marium
239 2363 515 2446 epigrammatum
535 2363 605 2429 eius
626 2381 794 2428 numerum
815 2362 900 2428 satis
921 2380 1074 2444 magnum
1090 2363 1190 2429 adea·

74 2487 160 2545 mus;
199 2469 256 2534 sed
281 2488 354 2534 eum
378 2469 571 2551 saepissime
593 2489 659 2535 una
683 2475 742 2535 aut
766 2470 876 2535 altera
898 2469 1105 2550 Anthologia
1124 2472 1191 2552 -hoc

74 2576 129 2642 vel
159 2575 242 2640 illud
273 2595 404 2641 carmen
436 2576 567 2642 diverso
600 2578 755 2642 lemmate
786 2580 934 2652 ornetur,
971 2582 1073 2642 antea
1105 2596 1190 2658 quae

77 2683 321 2765 epigrammata
343 2683 414 2748 iure
430 2683 570 2748 Lucillio
594 2683 771 2749 tribuenda
794 2682 872 2758 sint,
897 2701 1101 2763 quaeramus,
1136 2684 1190 2752 Ac

74 2790 332 2872 primoquidem
363 2790 435 2856 loco
458 2790 568 2856 sintne
597 2789 697 2855 dubia
724 2789 813 2854 inter
840 2807 881 2854 oa
907 2795 1072 2870 poemata,
1105 2810 1189 2872 quae

74 2897 247 2977 utriusque
270 2897 498 2979 Anthologiao
525 2915 692 2963 consensu
720 2915 760 2962 ac
787 2895 855 2962 fide
883 2895 1023 2961 Lucillio
1049 2897 1188 2975 ciuntur,

75 3004 295 3084 dispiciamus,
839 3050 843 3055 .
1028 3060 1030 3064 ,

163 3115 353 3173 Λουκιλλίου
372 3111 428 3177 vel
442 3111 650 3190 onalttooi)
674 3112 794 3176 lemma
817 3109 853 3175 in
876 3110 1036 3177 Palatina
1060 3119 1095 3176 et
1110 3113 1189 3179 Pla·

73 3217 182 3283 nudea
205 3217 420 3300 Anthologiis
442 3217 533 3284 hisce
557 3218 756 3284 carminibus
778 3217 1005 3300 praeponitur:
1114 3252 1115 3257 1

122 3324 183 3392 VI.
212 3310 283 3388 icc.
511 3326 578 3391 XI.
603 3331 655 3388 ea
920 3324 986 3389 Xr.
1015 3327 1085 3389 140.

120 3431 186 3497 IX.
212 3437 286 3496 572.
477 3483 479 3489 ,
604 3437 755 3495 ult-94.
1016 3436 1088 3494 141.

121 3538 187 3603 XI.
215 3543 265 3601 11.
604 3543 655 3603 99.
1015 3542 1089 3603 143.’

216 3650 267 3709 68.
504 3688 506 3692 1
598 3650 670 3711 100.
844 3693 847 3697 >
1015 3649 1087 3706 148.

213 3753 266 3814 69.
553 3796 555 3803 1
597 3754 788 3817 loa-107.
1014 3755 1086 3813 153.

216 3863 365 3922 75.-79.
597 3863 668 3922 131.
897 3919 899 3922 ,
961 3868 964 3874 “
1013 3862 1086 3920 154.

214 3969 367 4030 11.-15.
597 3969 788 4028 111-111,
972 4034 976 4041 ,
1011 3967 1086 4028 159.

214 4076 266 4135 87.
402 4101 405 4107 ¹
597 4073 667 4140 138.
815 4122 818 4129 .
951 4111 953 4114 <
1012 4074 1087 4138 161.

162 4299 183 4370 ¹)
203 4299 236 4354 de
255 4299 376 4355 librariis
395 4304 425 4355 ct
442 4296 561 4354 nominis
579 4296 668 4353 forma
685 4297 749 4354 vide
767 4299 906 4369 11119.
969 4348 972 4353 ,
1010 4325 1013 4330 -
1087 4309 1089 4319 ’
