2946 4852
529 390 748 448 ,67-

232 583 282 646 ep.
309 570 360 628 36.
385 563 470 629 conf.
494 562 598 629 Anth.
622 560 696 627 Pal.
721 561 763 628 V.
789 565 842 623 42.

248 722 263 752 u
305 677 355 734 83·
417 721 431 751 u
536 716 549 743 n
653 717 668 749 rr
716 668 836 735 V·88·

79 777 184 857 ἄδηλα
209 778 341 859 omitto,
375 778 493 860 quippe
517 795 588 841 cum
618 774 702 841 certi
724 774 807 839 nihil
830 793 871 840 ex
893 774 935 840 iis
963 776 1133 842 lucremur.
1158 814 1199 823 —

80 887 185 953 Certe
208 885 312 968 igitur
335 889 470 967 praesto
494 882 612 948 habuit
636 881 805 947 Ausonius
828 881 897 946 tria
919 882 1097 966 Meleagri,
1123 883 1200 950 Phi-

79 992 178 1074 lippi,
210 989 413 1074 Diogeniani
443 988 616 1072 florilegia.
662 989 716 1053 De
746 987 864 1053 Rufino
898 988 1022 1054 certius
1054 988 1201 1057 iudicare

79 1097 204 1181 possis,
239 1096 268 1161 si
298 1101 409 1162 tecum
435 1095 644 1178 reputaveris
673 1094 857 1161 Ausonium
880 1114 945 1161 non
967 1094 1092 1177 passim
1114 1097 1201 1162 hanc

79 1206 135 1272 vel
169 1203 263 1269 iilam
294 1201 520 1284 anthologiam
549 1207 685 1285 praesto
717 1201 889 1284 habuisse,
927 1202 985 1267 sed
1016 1221 1115 1268 unam
1146 1222 1200 1268 ex-

81 1311 258 1394 cerpsisse,
284 1308 401 1374 deinde
426 1308 540 1382 aliam,
566 1313 667 1389 atque
691 1308 834 1391 elegisse
858 1327 908 1384 ea,
934 1327 1018 1389 quae
1044 1309 1108 1374 sibi
1130 1311 1201 1392 pla·

82 1421 223 1484 cuernnt
247 1415 499 1499 epigrammata.
548 1412 709 1481 Conferas
734 1415 875 1498 exempli
902 1415 1015 1497 gratia
1040 1415 1200 1499 epigram-

80 1529 175 1590 mata
196 1526 347 1587 20.-33.
372 1527 604 1603 comparantur
629 1521 708 1587 solis
732 1540 803 1587 cum
820 1521 1021 1606 Meleagreis
1038 1522 1201 1605 epigram-

80 1629 198 1705 matis;
235 1628 315 1694 item
354 1632 503 1692 <tu-68.
536 1632 687 1692 tlt—96.
726 1628 956 1710 Diogenianea
992 1629 1200 1711 imitabatur,

82 1735 236 1801 similiter
259 1738 297 1800 ut
322 1738 470 1798 {to-47.
515 1734 588 1798 Iam
613 1752 685 1798 cum
708 1733 742 1798 in
765 1735 816 1800 his
841 1735 989 1801 seriebus
1014 1735 1116 1801 etiam
1133 1736 1201 1801 Ru·

80 1842 139 1908 fini
162 1841 330 1907 imitatum
353 1858 428 1905 esse
443 1838 626 1905 Ausonium
651 1839 892 1922 epigrammata
908 1842 1089 1924 rideamne,
1114 1843 1201 1908 coni-

82 1968 160 2015 cere
183 1948 265 2014 licet
288 1946 440 2013 Rufinum
471 1965 598 2028 quoque
620 1946 849 2029 Diogenianeo
879 1949 1071 2032 anthologio
1100 1950 1201 2016 adnu-

80 2061 245 2122 meratum
268 2054 381 2120 fnisse.
1023 2122 1026 2126 ,

169 2164 245 2228 Iam
268 2179 473 2243 quaeramus,
499 2164 676 2225 exstentue
699 2161 795 2226 huius
820 2161 1015 2243 suspicionis
1042 2163 1144 2229 etiam
1167 2163 1203 2230 in

79 2268 293 2351 Anthologia
316 2267 476 2332 Palatina
501 2274 706 2348 argumenta.
753 2269 926 2334 Habemus
955 2274 1068 2335 autem
1090 2269 1203 2336 Rufini

79 2377 166 2441 haec
189 2374 447 2458 epigrammata:
479 2373 520 2439 V.
547 2379 575 2437 9.
599 2373 688 2438 inter
712 2374 919 2458 Meleagrea,
954 2382 1104 2439 12.-22.
1136 2377 1202 2442 lon·

81 2482 207 2565 giorem
242 2480 359 2546 seriem
392 2480 595 2545 constituere
618 2480 713 2557 licet,
746 2499 830 2560 quae
854 2481 1038 2565 Philippeis
1070 2488 1203 2549 tantum

79 2586 336 2687 interrumpitur
358 2587 622 2670 epigrammatis:
650 2592 699 2651 13.
719 2587 913 2663 Philodemi,
942 2595 991 2652 16.
1009 2590 1117 2655 Marci
1136 2590 1217 2655 Ar·

80 2694 241 2779 gentarii,
261 2700 312 2758 20.
346 2692 504 2771 Onestae‚
524 2694 578 2774 qui
591 2693 737 2776 Philippi
754 2714 893 2760 coronae
907 2701 997 2761 certe
1015 2696 1202 2762 adtribuen-

79 2803 143 2868 dus
167 2806 234 2884 est,
258 2820 336 2866 nam
359 2801 392 2865 id
415 2801 499 2881 quod
526 2800 725 2883 Weigandio
746 2801 873 2884 placuit
896 2802 977 2868 duos
999 2803 1202 2869 constituere

79 2908 234 2975 Onestae
257 2908 386 2972 nomine
417 2912 551 2988 poetas,
584 2907 769 2974 confirmari
799 2909 914 2990 nequit
944 2927 1008 2974 uno
1041 2908 1110 2975 solo
1140 2910 1202 2975 hoc

78 3017 172 3081 inter
194 3013 441 3098 Diogenianeos
466 3013 716 3096 epigrammate.
738 3050 773 3060 —
799 3014 925 3080 Ooutra
953 3020 1002 3078 17.
1021 3015 1200 3094 Gaetulici,

25 3148 29 3161 ¹
80 3141 161 3204 ergo
191 3120 393 3205 Diogeniani
423 3122 526 3186 habes
561 3120 794 3202 fragmentum.
840 3122 970 3187 Deinde
1004 3126 1055 3183 27.
1084 3127 1119 3187 et
1149 3128 1200 3185 28.

78 3227 194 3294 Rufini
219 3232 305 3308 sunt,
338 3230 390 3290 29.
418 3226 609 3292 Oillactoris
632 3227 863 3310 Diogenianei.
903 3232 1054 3292 25.-49.
1081 3228 1203 3294 iterum

26 3340 35 3363 ·
79 3332 284 3417 Diogeniani
312 3332 429 3398 seriem
459 3334 662 3399 constituere
690 3352 875 3415 possumus:
902 3341 1054 3399 35.-37.
1079 3335 1200 3416 Rufini,

82 3445 236 3504 {te-40.
268 3439 441 3522 Nicarchi,
474 3446 626 3503 41.-44.
660 3440 772 3506 Rufini
804 3439 902 3525 (quae
937 3439 1018 3503 κατὰ
1048 3456 1202 3520 στοιχεῖον

79 3546 279 3612 Nicarchois
309 3546 538 3631 adseruntur),
572 3551 624 3612 45,
651 3547 856 3628 Oillactoris,
890 3552 941 3611 47.
973 3553 1008 3614 et
1033 3555 1084 3612 48.
1111 3547 1203 3615 Galli

81 3652 262 3736 cuiusdam,
287 3655 342 3735 qui
365 3654 510 3720 fortasse
533 3654 619 3719 idem
643 3654 890 3737 Diogenianeus
915 3660 968 3720 est
991 3662 1100 3737 pocta.

171 3759 454 3843 Interrumpentia
471 3761 712 3843 epigrammata
732 3760 879 3843 Philippi
896 3779 1035 3828 coronae
1053 3763 1201 3828 delibata

81 3866 183 3932 facile
207 3867 383 3945 adnectas3
407 3867 538 3933 videas:
663 3878 665 3882 ’
724 3877 726 3882 ·
985 3878 986 3883 ’
1164 3890 1168 3903 ·-

175 3978 225 4037 13.
250 3973 447 4039 Philodemi:
465 3973 632 4070 {grinonem
687 4055 689 4059 .

175 4086 226 4143 16.
250 4078 358 4145 Marci
380 4079 593 4164 Argentarii3
618 4081 707 4161 μήνη.
791 4107 794 4117 ·

174 4189 226 4252 20.
251 4185 415 4254 Onesiae:
441 4184 524 4250 οὔτε.
613 4167 641 4178 “

173 4297 223 4356 24.
247 4273 564 4392 Phronemu’pvxe.
