2946 4852
448 979 593 1099 eaput
625 978 836 1076 alterum.

108 1141 165 1210 De
187 1137 398 1209 minoribus
422 1137 648 1225 quibusdam
673 1136 985 1224 epigrammatum
1005 1138 1181 1228 syllogis.

358 1424 415 1490 De
443 1316 658 1508 agathiae⁴¹
677 1423 931 1505 Daphniaois.

174 1548 360 1633 Agathiam
383 1546 589 1631 Myrinaeum
615 1545 856 1613 Scholastioum
879 1553 1016 1630 praeter
1040 1567 1089 1622 ea,
1120 1566 1204 1628 quae

84 1659 157 1740 ipso
179 1655 214 1722 in
231 1655 369 1738 Cyolum
392 1654 507 1721 intulit
529 1653 782 1737 epigrammata,
809 1653 877 1718 alia
901 1673 1026 1734 quoque
1044 1655 1205 1737 conserip-

83 1763 170 1829 sisse
200 1765 256 1827 sat
290 1760 449 1844 gravibus
481 1759 682 1826 testimoniis
720 1760 941 1827 confirmatur.
995 1761 1090 1827 Dicit
1119 1763 1206 1827 enim

84 1871 156 1952 ipse
179 1867 351 1952 Agathias
385 1867 419 1931 in
443 1865 671 1932 Historiarum
698 1867 863 1948 prooemio
875 1867 915 1952 ¹)=
944 1866 1119 1944 ἐτύγχανον
1145 1865 1205 1948 γὰρ

83 1982 207 2051 μᾶλλον
237 1973 275 2054 δὴ
309 1997 336 2035 τι
366 1973 400 2035 ἐκ
422 1976 545 2035 παίδων
568 1981 613 2057 τῷ
637 1970 732 2057 ἡρώῳ
756 1973 871 2058 ῥυθμῷ
895 1970 1063 2049 ἀνειμένος,
1095 1979 1148 2036 καί
1168 1997 1206 2048 με

84 2080 213 2163 ἤρεσκεν
244 2077 284 2143 τὰ
317 2076 476 2159 ἡδύσματα
505 2082 569 2141 τῶν
600 2086 654 2158 τῆς
691 2065 850 2159 ποιητικῆς
884 2080 1118 2157 κομψευμὰτων
1136 2086 1207 2142 ’καί

85 2195 194 2252 τοίνυν
218 2191 383 2265 πεποίηταί
404 2209 457 2262 μοι
480 2187 513 2248 ἐν
536 2185 715 2266 ἑξαμέτροις
736 2189 854 2266 βραχέα
878 2184 957 2249 ύττα
983 2186 1153 2269 ποιήματα,
1187 2185 1207 2250 ἃ

85 2294 125 2374 δὴ
140 2290 301 2370 Δαφνιοικὰ
323 2293 554 2367 ἐπωνόμασται,
578 2290 694 2367 μύθοις
717 2297 775 2354 τισί
798 2296 1017 2369 πεποικιλμένα
1046 2295 1208 2374 ἐρωτικοῖς

85 2407 137 2464 καί
171 2403 237 2463 τῶν
270 2399 428 2462 τοιούτων
463 2396 602 2462 ἀνάπλεα
637 2399 870 2478 γοητευμύτων.
927 2401 1018 2466 Audi
1055 2401 1205 2468 Suidam:

86 2505 245 2585 Ἀγαθίαςι
271 2499 364 2581 οὗτος
386 2508 532 2582 συνέταξε
555 2511 605 2567 καὶ
629 2507 717 2587 έτερα
733 2513 836 2583 βιβλία
852 2508 985 2587 έμμετρα
1000 2513 1051 2570 καί
1074 2518 1207 2571 καταλο-
1308 2533 1311 2538 ·

87 2615 198 2693 γύύην,
229 2613 267 2676 τά
290 2636 324 2675 τε
346 2611 524 2688 καλούμενα
548 2612 708 2690 Δαφνιακίι
731 2608 782 2676 καί
805 2612 862 2677 τὸν
886 2614 1014 2679 Κύκλον
1037 2623 1103 2678 τῶν
1127 2617 1208 2678 νέων

86 2719 346 2800 ἐπιγραμμάτων,
372 2713 420 2781 ὦν
443 2716 472 2799 (Ρ
497 2718 745 2796 Sternbaohius,
769 2739 877 2786 nonno
902 2719 940 2784 ὃν
964 2719 1206 2805 seribendumi)

87 2825 187 2902 αὐτὸς
209 2829 341 2905 συνῆξεν
365 2827 398 2887 έκ
421 2833 486 2888 τῶν
509 2823 589 2887 κατὰ
612 2825 724 2906 καιρὸν
747 2830 899 2906 ποιητῶν.
1028 2906 1029 2909 ¹
1113 2829 1115 2832 ’

180 2931 339 2998 Videmus
385 2950 463 3015 ergo
498 2930 700 3017 Agathiam,
740 2933 797 3000 ubi
829 2934 967 3015 primum
1002 2935 1208 3007 adoleverat,

89 3039 217 3105 litteris
241 3057 380 3106 vacasse
397 3045 432 3105 et
449 3039 669 3121 composuisse
690 3041 858 3121 poematia
879 3041 1040 3121 quaedam
1056 3040 1208 3106 versibus

90 3145 299 3212 hexametris
319 3143 501 3220 amatoria,
531 3164 616 3226 quae
639 3146 908 3228 Daphniaoorum
931 3147 1061 3212 nomine
1089 3152 1209 3212 ornata

90 3252 277 3336 colligebat
299 3249 485 3333 publioique
508 3249 656 3317 faciebat
680 3251 770 3317 iuria.

180 3356 310 3426 Novom
341 3358 443 3424 fuisse
473 3356 575 3424 libros
610 3364 761 3424 testatur
795 3359 902 3440 ipsum
932 3359 1106 3443 Agathiao
1142 3359 1208 3441 epi·

88 3485 244 3551 gramma
267 3465 385 3547 (Anah.
408 3464 481 3530 Pal.
507 3465 568 3532 VI.
596 3465 675 3550 80.):

253 3575 438 3647 Δαφνιακων
460 3575 581 3647 βίβλων
604 3570 728 3649 Ἀμαθία
750 3569 768 3651 ἡ
793 3571 898 3647 ἐννεάς
921 3577 988 3648 εἰμι,

298 3676 376 3739 ἀλλά
399 3674 429 3751 μ’
456 3673 473 3739 ὃ
497 3675 644 3756 τεκτηνας
667 3674 782 3741 ι’ίνθετο
806 3684 863 3752 σοί,
888 3685 1004 3758 Παφίη.

254 3780 376 3864 οὐγὰρ
400 3787 570 3863 Πιερίὸεσσι
593 3783 690 3847 τόσον
712 3786 807 3860 μέλω,
832 3781 930 3848 ὅσσον
949 3781 1070 3865 Ἔρωτι,

300 3887 390 3970 ὄργια
412 3896 586 3953 τοσσατίων
610 3890 805 3968 ἀμφιέπσνσα
827 3890 951 3957 πόθων.
1088 3894 1090 3899 ’

250 4001 339 4061 ·Αίτεῖ
360 3995 458 4060 δ’ύντλ
480 3995 601 4072 πόνων,
628 4000 679 4060 ἵνα
704 4001 733 4061 oi
757 3995 806 4060 διὰ
831 4013 895 4060 σεῖο
919 4005 1028 4078 παρείη

301 4099 409 4183 ἤτινα
432 4103 474 4183 μὴ
497 4105 620 4180 φιλέειν,
647 4101 769 4183 ἢταχύ
792 4106 991 4184 πειθομένην.

176 4267 200 4337 ²)
220 4261 300 4317 nist.
318 4276 361 4330 gr.
379 4260 442 4316 min.
463 4261 504 4316 od.
524 4259 605 4315 Dind.
625 4261 662 4316 11.
682 4263 742 4317 134.
