3024 4860
720 438 939 495 „70-

361 610 447 695 Quid
471 611 576 677 facies
600 610 703 686 oculo,
727 607 872 675 Laelia?
904 627 969 674 non
994 608 1123 673 emitur.

360 719 435 783 Hoc
452 718 691 800 epigrammate
708 717 804 793 belle,
821 715 898 796 quid
914 715 1050 780 intersit
1065 715 1156 780 inter
1172 714 1339 782 Graecum
1358 721 1393 782 et

271 828 455 891 Romanum
477 829 621 906 poetam,
646 822 851 904 dispicimus:
879 823 1048 888 Romanus
1072 822 1174 888 multo
1190 821 1395 905 ingeniosior

272 936 335 1008 est,
357 930 491 996 etiamsi
514 948 584 995 rem
599 948 619 994 a
638 927 767 995 Graeco
785 927 997 1010 deprompsit.
1035 926 1101 994 Sed
1118 929 1319 1011 apostropha
1333 929 1394 994 illa

271 1037 517 1121 interrogativa
537 1040 571 1100 et
586 1035 781 1102 brevissimo
798 1034 964 1100 enuntiati
978 1034 1043 1100 fine
1060 1035 1211 1116 efficitur,
1235 1039 1274 1101 ut
1297 1036 1394 1117 quasi

269 1144 443 1225 loquentes
466 1148 602 1224 poetam
626 1148 661 1208 et
684 1141 833 1208 vetulam
857 1141 1037 1207 audiamus.

366 1248 447 1314 Alia
471 1254 524 1314 est
547 1249 635 1313 ratio
663 1248 754 1313 hisce
781 1247 1045 1330 epigrammatis,
1076 1247 1199 1313 Lucilii
1220 1247 1287 1314 XI.
1307 1252 1392 1311 249:

422 1351 535 1434 Ἀγρὸν
558 1355 752 1434 Μηνοφάνης
775 1351 918 1433 ὠνήσατο
931 1404 940 1429 ,
954 1359 1005 1416 καὶ
1029 1353 1080 1416 διὰ
1104 1352 1195 1429 λιμὸν

476 1463 509 1524 ἐκ
533 1461 628 1542 ἀρνὸς
651 1459 817 1542 ἀλλοτρίας
840 1458 938 1524 αὐτὸν
961 1459 1178 1541 ἀπηγχόνιοεν.

427 1576 491 1648 Γῆν
514 1570 542 1631 d'
567 1566 652 1652 αὐτῷ
676 1571 823 1631 τεθνεῶτι
845 1573 953 1644 βαλεῖν
977 1565 1035 1630 οὐκ
1058 1568 1151 1646 ἔσχον
1174 1564 1309 1646 ἀνωθεν,

477 1673 544 1737 ἀλλ’
569 1673 665 1753 ἐτάφη
688 1677 805 1749 μισθοῦ
828 1675 908 1754 πρὸς
931 1698 999 1737 τινα
1023 1679 1089 1738 τῶν
1112 1673 1250 1755 ὁμόρων.

425 1785 466 1843 Εἰ
488 1781 598 1860 δ’ἒγντο
623 1780 678 1844 τὸν
703 1778 802 1860 ἀγρὸν
825 1780 884 1843 τὸν
906 1780 1121 1860 Μηνοφάνονς
1142 1779 1336 1863 Ἐπίκουρος,

475 1884 578 1949 π’ἀντα
602 1901 705 1964 γαμεῖν
729 1884 838 1967 ἀγρῶν
860 1887 944 1950 εἶπεν
967 1886 1026 1963 ἀν,
1041 1885 1099 1950 οάκ
1123 1887 1251 1964 ἀτόμων

273 1998 307 2059 ot
331 1988 498 2060 Martialis
522 1994 590 2059 XI.
618 2000 671 2056 18:

484 2100 639 2176 Donasti,
664 2101 767 2183 Lupe,
792 2121 848 2166 rus
872 2103 931 2166 sub
955 2103 1036 2167 urbe
1059 2101 1167 2178 nobis;

485 2206 552 2274 Sed
574 2225 630 2273 rus
654 2212 708 2272 est
730 2207 810 2272 mihi
833 2208 938 2272 maius
966 2209 1001 2273 in
1024 2208 1184 2274 fenestra.

484 2315 556 2378 Rus
579 2314 641 2378 hoc
665 2313 784 2388 dicere,
809 2334 864 2380 rus
888 2321 983 2397 potes
1007 2314 1150 2382 vocare?

484 2421 525 2485 In
549 2438 610 2500 quo
633 2424 711 2484 ruta
735 2420 819 2486 facit
842 2440 955 2486 nemus
978 2422 1121 2503 Dianae,

484 2525 639 2609 Argutae
663 2527 751 2609 tegit
775 2528 830 2592 ala
854 2528 939 2608 quod
964 2528 1109 2604 cicadae,

485 2631 579 2716 Quod
602 2631 740 2698 formica
764 2633 817 2698 die
842 2635 982 2699 comedit
1005 2654 1078 2710 uno,

455 2743 457 2747 '
486 2737 608 2833 Clusae
633 2739 684 2805 cui
707 2739 819 2805 lolium
843 2759 939 2806 rosae
964 2759 1084 2806 corona
1108 2746 1174 2817 est;

484 2847 527 2910 In
551 2864 613 2926 quo
637 2865 702 2911 non
726 2847 832 2929 magis
856 2847 1024 2914 invenitur
1047 2849 1160 2928 herba,

485 2951 592 3036 Quam
615 2952 727 3019 Oosmi
749 2953 861 3019 folium
884 2954 1021 3036 piperve
1046 2955 1193 3031 crudum3

482 3061 526 3125 In
549 3078 611 3140 quo
634 3079 695 3125 nec
719 3061 862 3126 cucumis
885 3061 996 3126 iacere
1018 3065 1140 3143 rectus

482 3166 556 3231 Nec
580 3183 716 3246 serpens
739 3167 894 3232 habitare
923 3173 998 3233 tota
1021 3166 1137 3248 possit.

484 3272 629 3336 Urucam
654 3273 740 3337 male
763 3273 871 3354 poscit
894 3274 1010 3338 hortus
1033 3292 1140 3351 unam,

486 3377 687 3459 Consumpto
711 3379 850 3444 moritur
873 3379 962 3444 calix
985 3380 1115 3461 salicto,

483 3485 531 3549 Et
554 3484 649 3565 talpa
673 3490 726 3550 est
750 3486 829 3550 milri
852 3485 959 3552 fossor
980 3492 1081 3567 atque
1103 3490 1226 3551 arator.

482 3591 560 3657 Non
582 3591 713 3656 boletus
736 3591 841 3674 hiare,
865 3610 930 3657 non
953 3591 1117 3657 mariscae

484 3696 609 3762 Ridere
634 3703 692 3763 aut
715 3698 824 3765 violae
847 3705 965 3781 patere
989 3704 1137 3781 possunt.

483 3801 587 3867 Fines
610 3822 680 3870 mus
704 3805 881 3886 populatur
904 3810 939 3870 et
964 3805 1077 3870 colono

484 3908 656 3989 Tanquam
680 3929 736 3976 sus
761 3911 961 3994 Calydonius
985 3911 1132 3990 timetur,

482 4017 530 4080 Et
555 4016 689 4082 sublata
711 4018 858 4085 volantis
881 4037 990 4102 ungue
1013 4020 1162 4101 Prognes

482 4123 525 4187 In
547 4121 624 4188 nido
648 4142 744 4207 seges
768 4130 821 4190 est
843 4124 1067 4203 hirundinin03

484 4230 531 4295 Et
556 4248 628 4295 eum
650 4234 721 4295 stet
745 4231 816 4295 sine
838 4230 926 4297 falce
949 4232 1170 4316 mentulaque,

482 4334 560 4400 Non
583 4340 637 4401 est
659 4335 792 4402 dimidio
818 4337 910 4403 locus
933 4338 1066 4420 Priapo.
