2946 4852
480 353 740 412 .-9,-

160 512 330 592 'Videmus
346 523 450 608 igitur
466 525 571 591 codici
588 525 766 606 Lucianeo‚
792 546 854 607 quo
870 527 1012 594 Photius
1031 530 1199 602 utebatur,

81 631 322 717 praescriptum
350 630 453 697 fuisse
481 632 543 697 hoo
575 633 792 715 epigramma,
824 652 930 715 neque
959 634 1200 716 praefationem

83 760 157 807 esse
185 735 457 822 epigrammatum
485 738 589 804 libelli
617 739 800 821 cuiusdam,
831 740 889 806 sed
917 742 1013 822 quasi
1042 761 1202 809 summam

82 847 273 914 Lucianeae
301 845 528 928 philosophiae
557 846 590 911 in
621 846 682 911 duo
707 846 853 912 disticha
876 849 1143 930 comprehensam
1167 858 1202 915 et

83 974 124 1020 ex
148 953 214 1019 alio
238 953 378 1033 quodam
401 952 512 1017 libello
537 952 765 1034 depromptam
788 957 823 1018 et
840 952 981 1020 Luciam
1006 956 1203 1038 scriptorum

83 1059 212 1142 corpori
240 1059 369 1124 cuidam
397 1060 546 1125 additam
574 1066 723 1141 apparet.
775 1059 841 1126 Sed
860 1060 1002 1128 <minime
1033 1063 1203 1129 adsentior

84 1167 205 1241 Settio,
222 1165 277 1247 qui
290 1165 492 1248 epigramma
508 1171 697 1248 propterea,
714 1167 808 1248 quod,
825 1172 863 1232 ut
878 1167 950 1249 ipse
965 1174 1074 1250 putat,
1088 1189 1202 1251 parum

86 1273 248 1339 Lucianei
263 1272 388 1355 ingenii
404 1272 564 1352 redoleat,
582 1272 809 1339 Samosatensi
826 1274 996 1356 sophistae
1012 1277 1203 1345 abiudicare

84 1380 214 1454 studet,
244 1380 306 1445 hoc
329 1378 424 1444 simul
454 1378 650 1458 meditatus,
678 1398 755 1444 num
782 1379 927 1446 fortasse
955 1382 1204 1465 epigrammatis

84 1487 215 1553 initium
230 1506 270 1551 ex
283 1486 360 1550 aliis
376 1486 571 1566 quibusdam
586 1486 760 1553 versiculis
779 1488 893 1569 procul
910 1487 1006 1553 dubio
1023 1488 1204 1570 genuinis¹)

175 1593 351 1667 Λουκιανὸς
381 1592 453 1656 τάδε
485 1593 588 1656 πάντα
619 1600 711 1671 φίλος
740 1592 908 1672 μακάρεσσι
937 1600 1057 1656 θεοῖσιν

174 1701 234 1762 εἶδέ
265 1723 297 1762 τε
327 1705 377 1761 καὶ
399 1699 494 1763 πάλιν
517 1692 593 1778 ἦλθε
615 1699 669 1779 ἑὴν
692 1701 723 1774 ἐς
745 1703 878 1779 πατρίδα
905 1714 1007 1776 γαῖαν,
1096 1736 1108 1775 ς,
1159 1745 1191 1774 ,.

84 1809 243 1874 iteratum
269 1807 321 1873 sit.
368 1807 453 1872 Nam
485 1808 513 1872 si
536 1807 646 1887 paullo
671 1807 860 1873 accuratius
883 1809 988 1874 verba
1010 1806 1203 1896 inspexeris,

84 1915 213 1982 videbis
231 1921 338 1981 totum
357 1913 560 1997 epigramma
578 1914 720 1979 Lueiani
736 1913 840 1979 iocum
853 1914 1012 1996 resipere,
1028 1913 1205 2003 praecipue

84 2025 118 2089 in
130 2023 192 2089 illa
203 2021 319 2086 παλαιά
331 2045 362 2084 τε
373 2019 466 2101 μωρὰ
478 2044 509 2083 τε
522 2020 611 2101 εἰδώς
629 2020 858 2086 coniunctione
872 2040 935 2086 non
953 2021 1115 2103 haerebis
1134 2040 1203 2087 cum

84 2122 385 2215 praeclarissimum
411 2128 567 2210 oxymori,
594 2128 679 2208 quod
706 2127 834 2203 dicitur,
863 2127 1044 2209 exemplum
1067 2128 1204 2206 habeas,

85 2238 273 2304 Premenda
290 2256 364 2301 mea
383 2236 511 2316 quidem
534 2234 705 2301 sententia
723 2240 803 2322 sunt
819 2237 932 2302 verba:
954 2230 1021 2297 ἀλλ’
1041 2231 1058 2297 ὃ
1075 2233 1113 2297 σὺ
1128 2242 1205 2297 θαυ-

84 2347 204 2424 μάζεις,
242 2342 332 2405 τοῦθ’
357 2342 484 2421 ἑτέροισι
509 2345 620 2420 γέλως
653 2342 774 2417 editor,
803 2342 859 2423 qui
885 2341 1112 2407 Lucianohis
1134 2360 1205 2408 ver·

88 2456 179 2520 sibus
194 2451 392 2517 maledicere
407 2450 524 2526 voluit,
548 2457 585 2515 ut
602 2450 732 2516 Settius
753 2451 948 2526 arbitratur,
973 2448 1120 2537 Luciano
1142 2466 1205 2513 non

86 2559 269 2638 maledixit,
294 2560 390 2623 immo
415 2576 487 2622 eum
510 2557 673 2623 laudavit.
720 2557 836 2639 Neque
853 2558 1019 2638 quadrant
1045 2557 1205 2637 exempla,

88 2669 210 2749 quibus
235 2666 426 2732 confirmare
451 2665 574 2739 studet,
598 2666 783 2746 comparari
798 2682 895 2747 posse
915 2665 1118 2747 epigramma
1134 2682 1206 2729 cum

88 2775 194 2841 Anth.
211 2774 283 2838 Pal.
304 2774 371 2838 IX.
393 2776 463 2834 185.
497 2771 639 2854 (Settius
655 2791 713 2853 per
730 2790 872 2837 errorem
891 2771 989 2856 18t),
1014 2777 1097 2847 186,
1125 2773 1205 2844 190,

87 2882 175 2956 aliis,
201 2880 317 2961 quihus
341 2878 507 2944 dedicatio
531 2878 636 2944 libelli
660 2878 827 2944 cuiusdam
845 2878 1059 2960 (Archilochi,
1075 2876 1206 2942 Aristo·

87 2988 218 3072 phanis,
242 2986 403 3067 Erinnae)
425 2984 600 3068 versiculis
617 2991 768 3063 ornatur3
792 3005 953 3067 nusquam
974 2985 1059 3051 enim
1076 3003 1117 3050 ex
1131 3001 1206 3067 poa,

87 3104 146 3162 tae
169 3093 274 3177 ipsius
298 3097 407 3159 mente
430 3094 534 3158 verba
556 3091 637 3158 fieta
660 3097 746 3157 sunt.
1126 3177 1128 3180 Α
1171 3174 1172 3177 ¹

178 3202 299 3281 ltaque
324 3219 392 3266 cum
419 3199 629 3283 gravioribus
661 3198 865 3282 argumentis
889 3216 953 3264 non
981 3197 1205 3279 impediamur,

91 3308 262 3392 quominus
284 3307 425 3374 Luciani
449 3307 624 3390 genuinum
648 3312 801 3388 putemus
822 3305 1036 3388 epigramma,
1060 3303 1206 3369 Luciano

90 3434 275 3493 servemus3
307 3415 412 3480 looum
445 3419 557 3486 autem
590 3412 708 3478 habuit
735 3412 771 3478 in
792 3411 956 3479 volumine
980 3411 1117 3498 quodam
1137 3409 1207 3475 Lu·

90 3526 216 3598 cianeo,
241 3542 335 3604 quem
359 3521 455 3587 hodie
478 3519 633 3599 iamnon
657 3519 815 3585 novimus.
896 3534 898 3539 ·
1200 3599 1202 3604 ,

180 3632 223 3697 In
253 3634 348 3696 sexto
378 3626 606 3710 Anthologiae
637 3625 818 3691 Palatinae
850 3624 961 3707 capite
993 3624 1113 3705 duplex
1142 3623 1207 3687 Lu·

91 3738 187 3817 ciano
212 3736 414 3820 epigramma
438 3734 606 3801 tribuitur.
856 3793 858 3797 ,

179 3845 243 3913 VI.
264 3849 315 3907 17.
332 3842 397 3928 (49.
409 3842 551 3920 Jacob).
567 3877 606 3886 -
622 3839 797 3906 Planudea
813 3837 924 3904 omisit
940 3837 1151 3921 epigramma,
1164 3874 1206 3884 -

93 3952 249 4019 Obscena
272 3957 326 4017 est
348 3949 493 4016 imitatio
510 3946 760 4032 epigrammatis
775 3946 944 4012 Leonidae
960 3943 1134 4011 Tarentini
1148 3945 1207 4011 VI.

95 4067 158 4143 13,
191 4078 284 4140 quem
309 4063 487 4141 praeterea
514 4051 1029 4137 imitabanturSatyr·ius(11.),
1058 4051 1208 4116 Iulianus

185 4289 207 4357 1)
225 4287 290 4344 uer.
308 4287 373 4341 hist.
392 4286 431 4342 11.
451 4287 491 4342 aa.
