2946 4852
621 407 839 467 ..31-

180 592 247 652 tum
272 590 345 648 404.
370 588 405 649 et
430 588 503 647 405.
537 581 603 649 Sed
625 599 690 647 1111
714 580 815 656 attuli
845 579 911 645 nisi
933 577 1200 662 praeclarissima
1221 596 1290 645 sar-

180 691 280 757 casmi
304 689 463 770 exempla.

263 799 305 862 In
325 795 503 878 paroemiis
527 802 561 860 et
584 792 731 876 parodiis
753 792 922 874 paululum
946 791 1176 858 subsistamus.
1222 792 1291 857 Ho-

175 904 256 971 meri
286 902 436 985 inprimis
465 920 625 984 personas
652 907 689 966 et
717 918 833 967 versus
860 899 1018 980 parodice
1048 896 1293 981 perstringendi

175 1011 240 1075 iam
285 1009 373 1092 apud
411 1007 646 1088 Epicharmum
689 1006 859 1072 luculenta
904 1006 1053 1071 videmus
1096 1010 1294 1088 argumenta

175 1115 346 1196 (Όδοσσῆς,
371 1110 533 1187 Ὀδυσσεὺς
556 1109 736 1188 αὐτομόλος
759 1112 900 1193 exempli
922 1113 1035 1196 gratia
1058 1113 1128 1178 eius
1150 1117 1227 1177 sunt
1250 1111 1293 1177 ti-

174 1220 263 1305 tuli),
290 1221 345 1302 qui
364 1226 488 1301 tamen,
512 1226 670 1299 quantum
690 1237 732 1284 ex
751 1217 949 1301 fragmentis
969 1219 1156 1301 perspicere
1180 1235 1293 1301 possu-

175 1347 258 1405 mus,
282 1330 402 1393 heroas
425 1331 558 1392 tantum
577 1324 759 1389 homericos
780 1324 940 1390 ridiculas
960 1325 1104 1393 reddidit
1124 1343 1292 1406 personas.

173 1435 270 1500 Idem
302 1433 371 1499 iere
402 1433 495 1500 valet
526 1431 567 1496 de
597 1429 788 1497 Atticorum
828 1431 937 1512 poetis
968 1432 1100 1498 comicis
1131 1431 1295 1514 (Cratetis

174 1540 344 1622 Ὀδυσσῆς),
378 1539 437 1605 sed
464 1539 670 1605 vellicabant
697 1539 808 1620 potius
836 1538 1040 1621 tragicorum
1069 1557 1229 1621 personas
1261 1542 1295 1603 et

177 1644 314 1730 dicta.¹)
351 1646 485 1713 Gertam
511 1649 623 1711 autem
645 1644 810 1709 rationem
833 1644 866 1710 iu
889 1645 1073 1711 adludendo
1095 1645 1138 1711 ad
1158 1642 1295 1709 Homeri

176 1771 296 1820 versus
324 1751 421 1833 primi
446 1752 591 1835 Cynicae
622 1750 849 1833 philosophiae
882 1752 1049 1818 satellites
1081 1752 1215 1832 eiusque
1246 1769 1296 1816 as·

177 1860 287 1925 seclae
312 1865 513 1925 statuerunt.
523 1858 549 1944 2)
589 1857 732 1943 Quorum
758 1858 950 1942 fragmenta
975 1859 1004 1924 si
1026 1856 1295 1941 perlustraveris,

177 1964 327 2032 invenies
359 1984 470 2031 omnes
502 1965 572 2030 iere
598 1982 724 2043 versus,
758 1984 839 2046 quos
869 1966 1084 2048 scripserunt,
1116 1973 1176 2032 aut
1206 1970 1298 2035 totos¹

180 2091 220 2137 ex
239 2071 387 2137 Homero
411 2071 631 2152 depromptos,
655 2069 792 2136 ridiculo
816 2077 929 2138 tamen
951 2090 1075 2137 conexu
1095 2072 1295 2153 coniunctos,

181 2184 238 2244 aut
271 2177 439 2259 paululum
467 2177 616 2243 detortos
651 2195 739 2259 esse,
771 2177 823 2243 ita
855 2183 968 2244 tamen
995 2184 1033 2243 11
1065 2178 1296 2261 unusquisque,

180 2285 234 2367 qui
258 2284 418 2350 audiebat
448 2284 510 2349 has
539 2282 709 2366 parodias,
743 2284 842 2350 facile
866 2284 1043 2367 genuinam
1066 2283 1203 2350 Homeri
1235 2283 1296 2348 ori·

181 2392 288 2475 ginem
322 2390 614 2456 animadverteret.
663 2390 864 2472 Saepissime
896 2396 1008 2456 autem
1038 2390 1209 2472 parodiam
1247 2389 1298 2454 ita

182 2503 314 2563 tantum
346 2497 551 2576 formabant,
582 2502 619 2562 ut
651 2497 814 2578 epicorum
842 2503 1013 2579 poetarum
1042 2516 1163 2563 morem
1192 2496 1298 2563 secuti

180 2623 267 2670 nova
288 2603 453 2686 fingerent
469 2603 581 2684 verba,
607 2621 692 2684 quae
711 2602 811 2669 facile
827 2604 870 2669 ad
887 2624 936 2685 11,
961 2623 1045 2684 1111
1069 2605 1296 2686 sectabantur,

183 2711 406 2787 adsonabaut,
438 2710 638 2791 praesertim
669 2728 742 2775 cum
773 2711 888 2776 eadem
918 2729 1036 2777 versus
1067 2709 1144 2777 sede
1172 2709 1297 2775 inveni·

181 2821 304 2882 rentur.

270 2921 414 3007 Quorum
439 2923 626 3006 cynicorum
649 2942 772 2989 morem
792 2923 1019 3004 rationemque
1039 2923 1074 2988 in
1091 2921 1297 2989 decantando

183 3030 327 3096 Homero
351 3028 499 3094 Lucilius
531 3049 656 3111 111111
686 3029 818 3111 saepius
850 3035 984 3095 secutus
1015 3034 1077 3095 est.
1125 3028 1297 3111 (lanieras

182 3137 291 3218 velim,
316 3135 467 3218 exempla
491 3155 563 3202 cum
587 3135 725 3220 cynicis,
760 3154 894 3219 prorsus
926 3136 1065 3202 eandem
1095 3135 1223 3203 videbis
1246 3155 1298 3201 ra·

182 3243 319 3309 tionem!

270 3349 373 3415 Totos
396 3349 534 3414 Homeri
557 3368 674 3415 versus
698 3354 757 3414 aut
780 3349 960 3430 paullulum
990 3353 1121 3415 tantum
1150 3350 1299 3416 detortos

181 3456 271 3523 hisce
294 3456 406 3522 inveni
429 3455 527 3521 locis:

272 3567 382 3646 134,3:
408 3559 505 3625 ἆσσον
529 3559 583 3638 ἴθ’,
609 3555 652 3637 ὥς
672 3585 726 3624 κεν
741 3565 862 3626 θᾶσσον
886 3562 1023 3641 ὀλέθρου
1037 3614 1043 3628 .
1059 3611 1065 3624 .
1080 3613 1110 3628 ..
1133 3583 1205 3630 cum
1221 3582 1297 3645 apd·

183 3669 304 3753 siopesi
329 3669 547 3738 coniunctum.
595 3668 757 3735 Ocnieras
780 3670 867 3734 idem
890 3669 924 3735 in
948 3670 1056 3735 Iliade
1079 3671 1108 3734 Z
1135 3674 1205 3733 143.

274 3781 412 3857 137,4.5.
436 3775 569 3851 βούλομ’
594 3769 678 3853 ἅπαξ
706 3773 787 3856 πρὸς
814 3783 897 3850 κῦμα
924 3790 1117 3853 pontin...
1167 3774 1217 3841 Of.
1240 3773 1299 3841 Od.

181 3883 216 3950 M
233 3886 316 3966 350,
341 3901 404 3963 111
429 3883 499 3949 1111
525 3883 565 3948 de
587 3881 673 3949 Solis
696 3884 801 3949 bobus
824 3883 867 3948 ab
884 3882 1018 3965 Ulyssis
1042 3881 1140 3948 sociis
1163 3883 1300 3949 comesis

273 4147 293 4218 ²)
312 4146 357 4202 W.
376 4144 512 4201 Ribbeck:
532 4162 593 4216 app.
614 4147 650 4201 ad
669 4146 710 4202 ed.
731 4146 872 4216 Aristoph.
891 4146 1012 4202 Acheru.

275 4235 298 4306 ⁹)
317 4235 434 4291 Teufer:
459 4235 502 4290 De
520 4235 640 4291 Homero
659 4235 688 4290 in
708 4236 950 4305 apophthegmatis
968 4239 1110 4304 usurpato.
1136 4236 1212 4291 1890.
1231 4251 1257 4304 p.
1276 4237 1300 4290 3.

184 4341 241 4393 111.
262 4324 457 4381 Waohsmuth:
478 4323 511 4379 de
531 4324 646 4381 Timone
664 4324 796 4380 Phliasia.
815 4341 880 4395 pag.
900 4327 1020 4393 11111.
