2946 4852
537 391 757 449 ..57-

179 565 247 630 XI.
275 569 347 628 117.
371 563 406 629 iu
423 562 618 645 Capitonem
635 562 804 643 medicum,
829 579 923 643 quem
940 560 1108 627 Hadriani
1128 566 1208 627 tem·

91 671 225 754 poribus
247 669 397 737 floruisse
422 669 599 755 constat1),
630 669 807 735 invehitur.
846 666 1064 734 Antecedunt
1087 667 1207 734 Lucilii

89 779 340 861 epigrammata,
366 784 548 858 sequuntur
574 774 776 841 Oillactoris.

181 885 249 951 XI.
269 888 359 961 225.;
384 883 555 950 antecedit
578 882 747 962 Nicarchi,
773 880 924 962 sequitur
946 879 1117 946 Ammiani
1140 880 1207 962 epi·

89 1010 249 1076 gramma.
295 991 417 1071 Itaque
441 989 591 1071 sceptica
616 988 686 1055 eius
702 987 945 1071 epigrammata
961 1005 982 1051 a
996 986 1208 1070 Diogeniano

90 1104 246 1181 excerpta
269 1103 359 1164 sunt.
978 1157 982 1169 ,

181 1205 300 1272 Nonne
322 1212 425 1279 μοῦσα
447 1203 572 1282 παιδικὴ
595 1200 743 1283 quoque?
775 1201 829 1267 De
853 1200 945 1267 cuius
961 1200 1206 1282 compositione,

91 1312 221 1380 scilicet
245 1313 285 1379 de
308 1311 387 1376 libri
402 1309 586 1377 duodecimi
609 1308 766 1390 fontibus,
792 1308 900 1375 adhuc
924 1307 1009 1374 certi
1032 1306 1102 1373 fere
1125 1306 1208 1373 nihil

88 1420 254 1503 prolatum
279 1423 346 1495 est;
370 1436 476 1498 neque
503 1417 679 1497 adquiesco
703 1415 813 1498 ineis,
837 1433 922 1497 quae
942 1414 1128 1496 nuperrime
1144 1413 1207 1480 Oa·

87 1528 178 1592 rolus
210 1525 399 1608 Radinger,
432 1524 556 1589 amicus
580 1522 860 1601 vindobonensia,
889 1522 924 1586 in
945 1524 1062 1590 Meae
1091 1523 1207 1590 Vindo-

89 1635 223 1703 boaaasc'
256 1630 398 1714 protulit
437 1650 512 1714 pag.
551 1635 626 1693 304.
660 1649 730 1711 sqq.
786 1627 851 1712 Qui
883 1633 1001 1695 contra
1030 1627 1208 1693 Rudolium

91 1736 338 1820 Weisshaeupl,
365 1736 421 1818 qui
444 1736 585 1818 quinque
609 1755 747 1803 coronas
770 1737 832 1801 hoe
855 1754 918 1801 uuo
940 1735 1024 1800 libro
1048 1734 1208 1801 collectas

91 1862 168 1910 esse
191 1848 304 1926 putat:
335 1843 498 1926 Meleagri
527 1846 650 1918 μοῦσαν
672 1841 830 1928 παιδικὴνι
854 1841 1018 1925 Meleagri
1040 1844 1206 1918 στέφανον,

90 1950 239 2034 Philippi
273 1953 442 2029 στέφανον,
482 1949 653 2016 Stratonis
688 1957 810 2025 μοῦσαν
839 1948 1001 2028 παιδικήν,
1038 1947 1208 2015 Stratonis

92 2058 320 2125 collectionem
353 2058 516 2140 quandam
548 2058 685 2123 aliorum
720 2062 892 2139 poetarum
923 2056 1207 2138 epigrammatum,

89 2173 164 2232 tres
186 2169 318 2231 tautum
343 2164 478 2230 admisit
501 2182 654 2229 coronas:
679 2163 841 2245 Meleagri
870 2165 1038 2239 στέφανον,
1063 2163 1209 2246 Philippi

90 2274 262 2348 στέφανον,
295 2269 465 2338 Stratonis
488 2278 612 2346 aaaron
633 2269 794 2349 παιδικήν,
828 2289 892 2350 qua
921 2269 1058 2335 aliorum
1082 2287 1209 2350 quoque

88 2384 227 2462 praeter
242 2378 435 2445 Stratonem
451 2377 693 2461 epigrammata
710 2377 885 2443 coniuncta
906 2382 1029 2442 essent.
1076 2374 1151 2459 Qua
1174 2377 1208 2440 in

88 2507 127 2552 re
142 2483 362 2551 libentissime
378 2484 563 2566 adstipulor
578 2484 779 2567 Radingero,
797 2502 874 2548 nam
889 2483 1037 2550 videmus
1057 2483 1207 2549 coniunc-

89 2597 146 2657 tos
177 2591 261 2657 libro
293 2590 481 2656 duodecimo
514 2597 566 2654 20.
593 2595 644 2653 21.
671 2595 720 2653 22.
745 2589 865 2654 Iulium
888 2589 1084 2669 Leonidam,
1116 2589 1208 2657 Stra-

91 2705 214 2776 tonem,
240 2696 452 2779 Soythinum3
481 2702 552 2760 174.
572 2701 644 2760 173.
668 2696 879 2777 Frontonem,
904 2676 1109 2775 Stratonem3
1135 2702 1207 2760 231.

89 2809 164 2870 232.
191 2807 266 2869 233.
291 2807 365 2867 234.
391 2803 592 2885 Stratonem,
625 2802 828 2886 Scythinum,
861 2803 1079 2878 Frontonem,
1112 2803 1206 2871 Stra·

87 2919 211 2978 tanam.
257 2910 436 2991 Excerpsit
459 2909 562 2994 igitur
585 2909 701 2977 Strato
734 2910 902 2975 actalius
930 2909 1077 2990 quidam,
1113 2929 1206 2991 quem

88 3021 211 3100 postea
234 3014 427 3097 videbimur,
444 3014 646 3098 Stratonem,
667 3015 872 3098 Scythinum,
892 3016 1103 3098 Frontonem,
1123 3017 1206 3082 Leo·

86 3124 211 3190 uidam.

181 3228 264 3313 Quis
295 3228 398 3311 igitur
425 3226 613 3310 excerpsit?
658 3221 809 3296 Vidimus
840 3234 943 3296 antea
970 3231 1139 3298 Stratonis
1172 3238 1207 3296 et

86 3336 260 3404 Leonidae
284 3337 528 3419 epigrammata
544 3355 565 3401 a
580 3336 789 3420 Diogeniano
806 3343 963 3420 excerpta
979 3356 1063 3406 esse.
1103 3339 1207 3405 Fron·

87 3451 201 3509 tonem
224 3443 360 3510 eundem
386 3461 460 3509 esse
491 3442 561 3509 iure
592 3448 714 3525 putant
737 3444 801 3511 viri
825 3444 929 3528 docti,
962 3445 1017 3527 qui
1041 3464 1113 3512 cum
1136 3447 1204 3512 Ha·

90 3549 206 3617 driarm
222 3549 438 3632 epistularum
455 3549 682 3616 commercium
697 3551 815 3618 habuit
827 3551 1056 3633 Antoniniquc
1073 3553 1127 3618 Pii
1142 3553 1206 3620 fuit

90 3656 255 3740 magister
268 3654 423 3737 cuiusque
434 3656 602 3739 poematia
614 3657 722 3724 latina
733 3664 816 3724 nota
828 3666 920 3737 sunt3
936 3659 1050 3741 itaque
1062 3659 1116 3725 hic
1131 3680 1206 3740 quo·
1326 3710 1328 3714 2

87 3782 151 3845 que
167 3761 339 3830 Stratonis
363 3763 472 3829 aetati
489 3764 752 3830 adnumerandus
770 3770 832 3830 est.
871 3767 924 3831 De
941 3765 1101 3849 Scythino
1124 3767 1207 3832 nihil

87 3869 218 3936 scimus·
265 3867 441 3952 Quadrant
465 3869 569 3953 igitur
600 3876 750 3952 tempora
781 3874 893 3938 horum
925 3877 1097 3955 poetarum
1129 3893 1201 3940 cum

84 3975 306 4060 Diogenianei
322 3976 506 4060 authologii
526 3983 650 4042 aetate.
698 3978 783 4044 Fum
798 3985 924 4044 certum
941 3985 994 4044 est
1011 3979 1203 4048 Stratonem

85 4084 155 4150 alia
177 4081 243 4149 nisi
266 4101 327 4148 sua
350 4083 453 4165 ipsius
478 4083 719 4166 epigrammata
742 4103 807 4152 uon
831 4085 989 4164 edidisse3
1014 4086 1099 4152 conf.
1116 4087 1203 4152 XII.

176 4313 196 4380 ¹)
215 4311 321 4367 Iaaobs.
340 4312 419 4381 proli.
438 4312 487 4366 IV.
