3024 4860
651 391 850 448 ..g-

193 565 328 648 pulatus
345 563 401 647 sit,
418 569 530 630 tamen
547 562 853 649 Stadtmuellerus1)
870 563 1064 644 haesitavit,
1081 581 1158 628 uum
1174 581 1210 628 re
1226 580 1308 628 vera

194 690 325 752 causae,
350 690 432 752 quas
454 671 507 738 vir
530 670 772 736 doctusltalus
796 669 924 744 attulit,
949 668 1077 736 omnino
1102 675 1308 751 111111111-

193 779 336 856 babiles,
372 798 467 860 quem
502 785 632 861 secuto,
664 778 862 860 praesertim
892 797 966 844 cum
1000 777 1043 842 ad
1073 776 1206 843 Lucillii
1242 774 1308 858 epi-

194 890 382 970 grammata
405 886 613 968 segreganda
637 886 752 951 summi
768 884 925 951 momenti
941 884 986 951 sit
1002 884 1164 965 quaestio,
1188 883 1308 949 iterum

195 992 452 1058 deliberationes
476 992 667 1073 epicriticas
690 992 867 1058 instituere
890 991 970 1057 mihi
992 991 1103 1057 liceat.

194 1081 245 1186 ii]
283 1104 473 1161 Λουκιλλίου
504 1108 539 1164 et
570 1102 748 1162 Λουκιανοῦ
779 1098 909 1165 nomina
941 1099 976 1164 in
1009 1098 1175 1164 lemmatis
1210 1097 1308 1162 facile

193 1211 329 1290 propter
343 1205 477 1272 nimiam
490 1207 677 1271 litterarum
690 1205 936 1272 similitudinem
950 1205 1088 1272 confusa
1100 1224 1175 1271 esse
1186 1204 1309 1286 primus

196 1313 327 1380 edocuit
352 1312 726 1396 GualtherusEnge12),
752 1314 848 1379 simul
872 1313 997 1379 additis
1020 1314 1210 1379 lemmatum
1234 1330 1310 1392 quo-

193 1420 333 1486 rundam
356 1420 478 1501 capitis
501 1421 663 1486 undecimi
687 1420 945 1487 correctionibus
968 1420 1180 1487 felicissimis.
1228 1420 1310 1484 Tum

194 1527 474 1595 Stadtmuellerus
497 1528 518 1592 l.
544 1529 564 1593 l.
590 1529 738 1594 carmina
760 1529 825 1594 XI.
851 1533 1047 1593 427.-436.
1084 1527 1193 1594 Settio
1216 1544 1309 1608 prae·

194 1640 294 1702 eunte
316 1635 463 1701 Lucieno
487 1635 692 1703 abiudicavit
716 1636 955 1718 genuinumque
978 1639 1147 1701 auctorem
1161 1633 1310 1699 Ammia-

195 1762 271 1809 num
286 1743 446 1809 restituit.
481 1744 550 1818 Ita,
568 1744 596 1808 si
613 1762 684 1809 cum
700 1743 752 1809 his
769 1742 938 1821 faciemus,
955 1760 1075 1821 eorum,
1099 1760 1183 1822 quae
1199 1741 1310 1822 capite

195 1849 365 1916 undecimo
389 1853 527 1916 servata
551 1855 628 1915 sunt
651 1849 793 1915 Luciani
816 1849 945 1915 nomine
973 1848 1245 1932 epigrammatum
1269 1866 1309 1912 ne

196 1976 293 2023 unum
329 1956 458 2038 quidem
493 1956 635 2023 Luciani
670 1975 745 2023 esse
779 1958 962 2038 credemus,
1004 1956 1099 2023 simul
1132 1957 1197 2021 hac
1231 1955 1310 2020 deli-

194 2064 368 2130 beratione
385 2064 538 2130 commoti
549 2063 692 2130 Luciaui
707 2064 947 2147 epigrammata
963 2063 998 2129 iu
1015 2063 1125 2146 capite
1140 2062 1310 2128 undecimo
1330 2104 1334 2111 ·

195 2171 323 2236 omnino
346 2172 453 2237 locum
476 2189 542 2236 non
563 2171 697 2250 habere,
722 2189 794 2236 cum
817 2170 1017 2254 Diogeniani
1040 2169 1241 2253 anthologio,
1273 2175 1311 2234 11

195 2295 296 2359 snpra
319 2277 422 2359 docui,
455 2277 583 2344 inserta
605 2277 708 2343 fuisse
732 2278 962 2361 nonpossint,
987 2297 1049 2344 nec
1076 2282 1211 2360 praeter
1235 2276 1311 2341 Phi-

194 2382 285 2466 lippi,
310 2384 520 2466 Diogeniani,
544 2383 728 2467 Agathiae,
753 2385 915 2450 Palladae
939 2384 1129 2468 fragmenta
1145 2382 1310 2450 Oonstan·

194 2492 299 2557 tinum
322 2492 356 2558 in
380 2492 463 2557 libro
487 2493 657 2559 undecimo
681 2493 900 2575 componendo
925 2492 1000 2559 aliis
1031 2482 1178 2558 foritibus
1213 2531 1242 2539 -
1267 2509 1309 2556 ue

194 2599 363 2681 Meleagro
392 2598 521 2680 quidem
547 2640 586 2648 —
610 2618 703 2666 usum
728 2618 815 2676 esse,
848 2600 914 2666 alio
937 2600 1008 2665 loco
1031 2619 1082 2665 me
1107 2601 1309 2665 demonstra·

195 2714 303 2772 turum
328 2725 400 2772 esse
426 2725 531 2788 spero.

283 2812 430 2877 Primum
457 2813 544 2894 apud
565 2813 790 2879 Jacobitzium
819 2812 958 2878 Luciani
989 2813 1075 2893 quod
1105 2811 1212 2877 fertur
1243 2810 1309 2892 epi·

195 2938 344 3002 gramma
369 2920 519 2987 servavit
543 2920 632 2986 solus
655 2920 809 3000 Photius,
835 2916 999 3005 (biblioth.
1024 2919 1092 2984 cod.
1120 2920 1219 3001 tna),
1244 2918 1308 2998 qui,
1403 2973 1404 2976 ,

194 3030 369 3111 postquam
398 3026 645 3093 celeberrimum
672 3026 754 3093 illud
781 3027 821 3092 de
845 3026 992 3091 Lucieno
1015 3025 1095 3092 tulit
1118 3024 1308 3104 iudiciumb,

194 3136 278 3200 haec
307 3133 415 3199 addit:
449 3129 498 3195 ὅτι
527 3137 559 3197 δὲ
583 3130 677 3209 αὐτὸς
704 3141 770 3196 τῶν
797 3136 893 3211 μηδὲν
920 3127 959 3212 ἦν
988 3127 1072 3207 ὅλως
1095 3130 1309 3210 δοξαζὸντων,

195 3247 247 3304 καὶ
281 3238 318 3304 τὸ
353 3243 408 3320 τῆς
440 3245 553 3316 βίβλου
587 3242 763 3319 ἐπίγραμμα
798 3243 927 3303 δίδωσιν
966 3236 1210 3314 ὑπολαμβάνειν,
1250 3239 1310 3315 ἔχει

194 3346 253 3428 γὰρ
278 3343 348 3411 ὦδε.

284 3452 458 3528 Λουκιανὸς
481 3452 546 3517 τάδ’
572 3453 703 3533 ἔγραψα,
727 3453 843 3517 παλαιά
866 3477 896 3515 τε
919 3453 1011 3530 μωρὰ
1034 3476 1067 3515 τε
1090 3453 1187 3526 εἰδώς,
1216 3436 1217 3440 ¹

344 3560 437 3641 μωρὰ
461 3560 519 3640 γὰρ
543 3559 725 3639 ἀνθρώποις
747 3566 797 3622 καὶ
820 3559 859 3623 τὰ
883 3565 1039 3624 δοκοῦντα
1065 3559 1156 3636 σοφά.

285 3656 379 3732 οὐδὲν
401 3669 435 3731 ἐν
458 3664 652 3748 ἀνθρώποισι
676 3667 837 3747 διακριδὸν
860 3669 924 3731 ἐστι
948 3667 1057 3745 νόημα,
1123 3675 1124 3679 ’
1200 3663 1202 3666 ’

346 3772 413 3837 ‹ltt’
440 3772 457 3838 b
482 3774 520 3838 σὺ
543 3775 721 3853 θαυμάζεις,
746 3774 835 3837 τοῦθ’
859 3774 985 3853 ἑτέροισι
1009 3775 1115 3851 γέλως.

197 3867 399 3970 ‘Tinea
418 3897 483 3966 pun.
504 3897 700 3953 Wootenscbr.
720 3899 797 3964 resa,
816 3898 841 3950 3.

285 3988 306 4059 ⁹)
325 3988 359 4044 de
378 3985 540 4055 quibusdam
559 3986 635 4042 anth.
649 3986 696 4043 Gr.
716 3987 803 4057 epigr.
823 4002 917 4040 comm.
938 3982 1105 4040 Festschrift
1123 3982 1148 4036 d.
1167 3979 1266 4048 Gymn.
1285 3998 1308 4036 a.

195 4076 344 4133 Elbcrfeld
365 4077 441 4130 1875.

285 4166 307 4228 ³)
326 4166 448 4233 συνθήκη
467 4163 496 4218 δὲ
514 4165 588 4229 αὐτῷ
607 4165 690 4220 οὕτως
709 4164 852 4236 ἥρμοσται,
875 4163 942 4215 ὥστε
967 4159 1056 4214 δοκεῖν
1080 4159 1130 4212 τὸν
1148 4159 1308 4228 ἀναγιγνώσ-
1349 4154 1352 4161 ’

196 4274 280 4307 κοντα
292 4254 329 4323 μὴ
341 4253 434 4324 λόγους
446 4253 540 4324 λέγειν,
559 4252 628 4307 dltd
646 4252 726 4322 μέλος
743 4275 769 4305 τι
787 4253 906 4325 τερπνὸν
923 4257 1000 4322 χωρὶς
1018 4252 1151 4320 ἐμφανοῦς
1169 4247 1237 4316 ᾠδῆς
1254 4262 1310 4302 τοῖς

195 4345 260 4397 ebolo
278 4346 470 4407 ἔναποστοίζειν
487 4346 545 4396 τῶν
563 4345 713 4416 ἀκροατῶν.
