2946 4852
538 390 759 448 ..49-

89 559 220 626 nomine
245 562 515 644 appellabantur,
547 568 586 629 ut
608 582 708 629 uuum
733 564 849 630 horum
873 565 1106 633 versiculorum
1129 584 1203 637 auc·

89 675 197 732 torem
227 667 347 734 elicere
376 669 443 735 iam
473 687 683 749 nequeamus.
728 669 889 753 Aocedit,
921 671 1007 752 quod
1036 670 1204 741 Planudes

89 771 294 856 epigramma
316 774 581 841 interitionem
603 774 681 840 lert.

177 879 309 963 Neque·
326 880 427 948 aliter
449 881 490 946 de
517 880 652 948 Callia
681 883 849 965 Argivo
872 884 953 963 (XI.
978 887 1064 967 232.)
1087 885 1204 955 sentio.

177 1006 244 1071 XI.
283 1010 356 1068 191.
396 1005 598 1088 epigramma
633 1006 839 1073 Theodoro
874 1008 1003 1073 cuidam
1037 1008 1203 1075 tribuitur.

87 1112 265 1179 Novimus
285 1112 488 1178 Theodorum
528 1113 928 1197 epigrammatographum
975 1133 1015 1181 ex
1052 1115 1204 1198 Diogene

87 1220 228 1286 Laertio
253 1220 316 1305 (ΙΙ.
335 1226 424 1302 8,19:
448 1219 575 1301 ποιητὴς
590 1222 858 1304 intronizacione),
883 1221 1028 1288 fortasse
1051 1222 1204 1288 adhunc

88 1326 211 1393 Suidae
234 1329 338 1394 verba
362 1326 537 1393 referenda
561 1335 652 1394 sunt:
677 1329 842 1408 Θεόδωρος
863 1328 999 1409 ποιητὴς,
1029 1327 1064 1403 ὃς
1085 1329 1203 1410 ἔγραψε

87 1504 224 1584 διάφορα
247 1508 286 1567 δι’
310 1505 397 1568 ἐπῶν
420 1509 539 1586 (nonne
564 1506 770 1572 scribendum
793 1508 831 1570 δι’
856 1453 951 1582 ἐπγορῖν,
979 1507 1001 1572 i.
1025 1525 1051 1572 e.
1076 1507 1116 1570 δι’
1140 1507 1202 1569 ἐπι·

83 1609 314 1696 γραμμάτωνῗ)
332 1617 384 1674 καὶ
399 1616 440 1686 εἰς
452 1612 658 1694 Κλεοπάτραν
675 1615 713 1676 δι’
731 1613 825 1674 ἐπῶν.
856 1612 925 1677 Hic
939 1611 1085 1680 fortasse
1096 1613 1201 1679 Theo-

85 1717 183 1784 dorus
211 1717 420 1800 Diogeuiano
447 1726 546 1785 notus
570 1719 634 1787 suit
655 1723 835 1799 auctorque
860 1723 913 1785 est
941 1718 1200 1802 epigrammatis.

174 1821 360 1891 Cerealii
380 1824 630 1907 epigrammatis
645 1825 712 1891 XI.
733 1830 803 1888 129.
820 1830 856 1891 et
874 1825 1058 1891 14411111
1080 1824 1199 1906 poetis,

83 1930 192 2007 111111
219 1932 397 2014 praecipue
420 1932 558 1998 Homeri
588 1931 811 1999 sectatoribus
842 1931 1059 2013 maledicitur.
1104 1931 1201 2001 Inter

81 2037 252 2102 Romanos
284 2044 402 2120 poetas
429 2039 523 2104 huius
555 2039 682 2105 aetatis
711 2039 832 2106 Iulium
860 2037 1039 2112 Cerialem,
1070 2038 1201 2108 Valerii
1240 2055 1256 2082 e

81 2142 255 2215 Martialis
285 2144 424 2211 amicum
456 2144 553 2232 (conf.
577 2146 679 2211 Mart.
703 2146 757 2221 X.
777 2143 888 2229 tas),
920 2145 1079 2221 novimus,
1105 2163 1200 2226 quem

81 2267 215 2322 carmen
238 2250 279 2317 de
307 2249 466 2334 (ligantis
489 2294 531 2303 -
554 2270 662 2317 nonne
691 2249 1024 2334 Cigautomachiam?
1048 2289 1091 2299 —
1114 2270 1199 2323 com·

79 2357 230 2438 posuisse
252 2357 385 2427 elicitur
408 2378 449 2427 ex
470 2359 641 2426 Martialis
664 2359 775 2426 verbis
797 2359 864 2425 XI.
891 2364 948 2422 521

169 2509 308 2528 .....
329 2471 405 2531 tuos
428 2466 523 2531 nobis
545 2467 677 2548 relegas
699 2466 779 2532 licet
802 2483 905 2545 usque
929 2463 1108 2548 Gigantas,

238 2590 318 2637 rura
339 2572 394 2638 vel
416 2577 554 2639 aeterno
576 2572 724 2654 proxima
747 2572 906 2656 Vergilio.

79 2676 211 2744 Ceciuit
233 2678 338 2759 igitur
361 2679 465 2745 etiam
485 2679 634 2745 bucolica
658 2679 815 2747 carmina.

170 2786 301 2852 Plinius
323 2785 427 2851 minor
454 2786 489 2852 in
516 2787 668 2868 epistulis
690 2788 738 2853 II.
765 2793 815 2852 19.
838 2792 872 2852 et
895 2786 956 2856 IV.
982 2790 1033 2848 21.
1062 2784 1197 2853 litteras

79 2892 138 2958 dat
160 2878 259 2962 Velio
291 2892 418 2961 Ceriali
447 2895 570 2972 amic03
601 2915 709 2963 nonne
735 2895 916 2970 verisimile
947 2899 1001 2960 est
1030 2912 1094 2959 uuo
1124 2893 1196 2958 loco
1249 2902 1274 2959 ν

80 3001 301 3082 corruptelam
316 3001 424 3067 latere
436 3001 590 3083 priusque
602 3008 737 3084 propter
747 3003 936 3069 litterarum
949 2998 1196 3066 similitudinem

78 3107 150 3172 iuli
174 3112 211 3174 et
232 3107 313 3175 ueli
340 3106 464 3173 formas
491 3108 687 3175 immutatas
711 3107 806 3175 esse?
851 3108 1011 3189 Equidem
1035 3105 1138 3171 Plinii
1160 3111 1196 3170 et

80 3212 249 3281 Martialis
272 3214 411 3283 amicum
435 3216 573 3281 eundem
588 3215 754 3283 Cerialem
770 3235 843 3283 esse
862 3233 1056 3298 persuasum
1077 3213 1193 3294 habeo,

80 3321 128 3387 cui
163 3320 368 3404 gentilicium
402 3327 476 3389 erat
506 3341 623 3389 nomen
653 3322 768 3401 Veli03
800 3342 875 3389 nam
909 3327 1050 3405 apparet
1077 3338 1194 3385 nomeu

80 3428 184 3494 111111
212 3428 320 3495 visum
342 3428 475 3495 facilius
501 3429 718 3496 inusitatius
744 3429 824 3496 Iulii
847 3433 1081 3495 commutatum
1110 3445 1192 3493 esse.

80 3534 141 3605 Hic
156 3535 275 3604 Velius
292 3535 434 3602 Cerialis
458 3536 603 3602 fortasse
627 3537 730 3603 etiam
751 3537 955 3604 Graecorum
976 3535 1193 3618 epigramma·

79 3646 145 3709 tum
168 3646 286 3709 auctor
308 3648 379 3722 est;
405 3662 483 3709 nam
506 3643 546 3708 de
571 3643 710 3711 Cereale
734 3645 901 3727 episcopo,
933 3642 1040 3724 quinti
1068 3639 1193 3706 saeculi

79 3749 216 3829 aequali,
239 3749 338 3831 (conf.
364 3747 516 3816 Genuad.
541 3750 601 3816 vir.
626 3750 748 3817 illustr.
767 3751 833 3834 96.)
850 3769 943 3816 nemo
960 3747 1132 3832 cogitabit.
1149 3784 1192 3792 -

78 3854 141 3921 XI.
169 3859 242 3919 129.
266 3855 301 3920 11
324 3856 498 3921 Planudea
520 3874 694 3938 perperam
715 3857 863 3925 Lucieno
887 3857 1053 3923 tribuitur.

161 3981 376 4064 Epigramma
404 3982 471 4046 XI.
503 3988 553 4045 72.
584 3980 708 4045 Βάσσου
736 3989 919 4064 Σμυρναίου
951 3983 1107 4048 lemmate
1141 3980 1190 4047 in·

78 4085 232 4170 signitum
256 4096 309 4153 est
332 4089 489 4154 Palatino
513 4089 634 4171 codice,
660 4089 822 4170 Νικάρχου
845 4089 1025 4156 Planudeo.
1068 4087 1191 4154 Cetera

75 4193 206 4278 Bassi,
231 4213 347 4277 nempe
367 4195 468 4261 Lollii
483 4196 593 4271 Bassi,
619 4196 860 4279 epigrammata
883 4196 1029 4278 Philippi
1052 4211 1190 4260 coronae

76 4301 204 4369 inserta
235 4306 342 4383 erant,
375 4303 460 4383 quod
489 4302 583 4370 vides
611 4303 645 4369 in
669 4303 919 4388 epigrammatis
942 4304 984 4372 V.
1012 4308 1084 4369 125.
1108 4300 1189 4370 VII.

1030 4410 1049 4460 4
