2946 4852
631 411 849 474 ..68-

265 587 410 654 Deinde:
436 594 487 652 25.
512 587 709 665 Philodemi:
727 579 854 684 ἕσσακι.

268 701 319 758 30.
343 694 522 776 Antipatri
545 694 865 761 Thessalonicensis:
890 693 1003 759 πάντα.

266 807 318 865 31.
344 801 502 868 eiusdem:
520 799 669 897 χρύσεος.
888 780 916 790 “

266 912 317 972 33.
342 907 587 974 Parmenionis:
603 907 651 1002 ξς.

265 1020 318 1080 34.
345 1013 503 1080 eiusdem:
530 1011 548 1077 ὁ
571 1013 656 1087 Ζεύς.

265 1123 319 1188 46.
342 1099 549 1186 Philodemi’:
559 1134 667 1217 golpa.

265 1225 422 1308 Adparet
438 1226 543 1310 igitur
558 1227 739 1307 Oephalam
755 1226 790 1292 in
805 1226 1037 1310 Diogenianea
1052 1226 1297 1310 epigrammata

176 1333 408 1416 alphabeticos
432 1333 640 1417 Philippicae
664 1351 806 1400 coronae
830 1334 960 1400 ordines
984 1333 1109 1416 possim
1131 1333 1296 1401 intulisse.

263 1459 306 1526 V.
334 1465 485 1523 60.-62.
509 1458 632 1541 Rufini,
658 1463 730 1524 tnm
754 1464 903 1522 ‹tu-70.
927 1459 1033 1524 habes
1048 1458 1201 1526 Rufinum
1227 1463 1296 1545 (67.

175 1565 383 1647 Capitonem,
421 1571 471 1628 68.
506 1563 721 1650 Luciliumi),
764 1569 813 1630 71.
845 1568 880 1630 et
914 1569 964 1633 72.
1003 1571 1098 1630 recte
1132 1564 1297 1630 Palladae

174 1672 404 1739 Alexandrino
440 1672 563 1738 dantur
601 1671 667 1737 iam
698 1671 733 1736 in
768 1670 935 1739 lemmate.
992 1675 1138 1736 73.-76.
1174 1670 1298 1736 iterum

174 1778 301 1861 Rufini,
343 1784 495 1842 tin-94.
531 1777 644 1843 Rufini
679 1777 995 1859 interrumpentibus
1028 1777 1134 1843 Marci
1165 1778 1296 1860 Argen-

174 1885 255 1951 tarii
280 1889 315 1951 et
330 1885 469 1951 incertis
493 1887 611 1967 (nonne
628 1904 646 1950 c
661 1884 809 1967 Philippi
823 1883 1019 1968 florilegiol)
1042 1882 1121 1946 κατὰ
1141 1898 1298 1961 στοιχεῖον

173 1992 423 2074 incipientibus3
450 1992 552 2058 etiam
567 1991 679 2056 Rufini
702 1990 780 2053 κατὰ
807 2004 964 2067 στοιχεῖον
988 1990 1136 2072 seposita
1159 2009 1296 2056 cernas:

149 2085 153 2099 ι
176 2105 227 2163 87.
252 2096 404 2178 &positam
429 2104 499 2164 tum
524 2104 573 2161 88.
598 2101 633 2161 εἰ.
660 2104 712 2161 92.
736 2094 886 2175 ὑψοῦται.
913 2101 964 2160 93.
990 2093 1155 2172 ὥπλισμαι.
1179 2135 1221 2146 -
1245 2103 1297 2160 97.

175 2211 210 2272 et
237 2184 308 2271 1‘03.
333 2205 473 2286 denique
495 2183 619 2271 Rufini
631 2210 718 2270 sunt.
733 2183 760 2194 “
983 2183 1011 2194 “

265 2330 391 2416 Quibus
423 2329 637 2412 perlustratis
665 2347 761 2411 spero
794 2334 829 2394 tc
859 2348 984 2395 mecum
1015 2328 1181 2394 iacturum
1209 2347 1296 2403 esse,

174 2439 229 2518 qui
276 2438 437 2504 contendo
487 2436 635 2502 Rufini
682 2436 990 2520 epigrammata
1039 2435 1298 2518 Diogeniani

175 2545 413 2628 anthologia
460 2543 737 2609 adscribenda
783 2561 879 2609 esse.
943 2541 1009 2608 Sed
1054 2560 1154 2608 unum
1192 2543 1297 2608 etiam

177 2651 367 2717 accuratius
390 2669 550 2732 quaerere
565 2650 655 2732 ficet,
679 2656 789 2716 utrum
811 2648 915 2732 primo
935 2668 984 2715 -an
1008 2649 1149 2728 secundo
1172 2649 1297 2732 vixerit

175 2758 315 2824 Rufinus
339 2758 481 2823 saeculo.

265 2880 459 2948 Stratonem
492 2881 661 2947 Hadriani
689 2880 901 2961 imperatoris
932 2880 1135 2961 temporibus
1169 2879 1297 2946 vixisse

176 3008 275 3070 supra
299 2988 477 3055 docuimus.
523 2987 617 3054 Ante
638 2988 732 3053 illum
754 2987 891 3054 Rufinus
915 2987 1038 3054 vixerit
1069 3004 1206 3052 necesse
1230 2992 1296 3063 est,

166 3115 248 3178 cum
287 3096 505 3162 certissimum
552 3094 598 3161 sit
636 3095 838 3178 epigramma
884 3093 970 3159 XII.
1012 3098 1084 3158 200.
1124 3090 1298 3159 Stratonis

175 3204 310 3270 finxisse
330 3223 372 3269 ex
386 3203 498 3269 Rufini
512 3203 554 3271 V.
570 3206 622 3266 42.
647 3201 813 3283 Inspicias
828 3199 929 3270 velim
950 3197 1014 3266 'duo
1039 3199 1295 3282 epigrammata,

175 3311 286 3377 Rufini
309 3309 555 3377 brevissimum:

349 3437 432 3509 μισῶ
456 3431 512 3513 τὴν
535 3431 747 3512 ἀφελῆ,μισῶ
771 3429 827 3512 τὴν
849 3431 1000 3511 σώφρονα
1024 3437 1114 3493 λίαν·
1160 3445 1164 3453 ’

366 3619 368 3622 ¹
405 3539 503 3621 ἡμὲν
526 3539 585 3620 γὰρ
607 3535 800 3620 βραδέως,ἡ
824 3541 858 3600 δὲ
880 3540 963 3600 θέλει
987 3539 1107 3615 ταχέως

177 3672 211 3732 et
235 3665 406 3734 Stratonis
431 3664 676 3746 amplificatum,
700 3669 739 3730 ut
762 3659 939 3728 sectatoris
964 3667 1110 3728 estmoe
1139 3660 1298 3745 (exempli

176 3771 289 3856 gratia
316 3769 476 3837 Nicarchi
507 3769 763 3854 epigrammata,
792 3767 909 3850 quibus
937 3767 1102 3834 Lucilium
1131 3766 1294 3843 imitatur,

177 3878 286 3945 omnia
308 3876 458 3960 longiora
482 3881 560 3942 sunt
582 3874 762 3959 fontibus):
825 3861 830 3869 ’

264 4005 347 4078 μισῶ
370 4005 599 4082 δυσπερίληπτα
623 4000 779 4081 φιλήματα
802 4004 853 4062 καὶ
875 3999 1063 4076 μαχιμώδεις

309 4108 418 4186 φωνὰς
440 4114 491 4172 καὶ
514 4108 670 4189 circione
693 4109 727 4170 ἐκ
748 4104 841 4187 χερὸς
863 4103 1040 4170 ἀντίθεσιν·
1068 4132 1071 4137 ’

265 4221 316 4279 καὶ
338 4214 400 4296 μὴν
423 4221 473 4279 καὶ
497 4216 573 4292 τὸν,
588 4209 634 4279 ὅτ’
659 4218 741 4278 ἐστὶν
763 4215 797 4276 ἐν
820 4208 1062 4291 ἀγκάσιν,εὗθὺ
1083 4213 1231 4287 θέλοντα,

309 4329 359 4386 καὶ
381 4326 560 4404 παρέχοντα
582 4323 704 4408 χύδην,
718 4319 757 4385 οὐ
780 4320 864 4385 πάνυ
887 4317 926 4399 δι’]
949 4343 977 4382 τι
998 4321 1106 4385 θέλω·
