2946 4852
636 433 854 494 ..35-

190 607 298 689 Saepe
320 608 406 673 haec
428 607 610 690 hyperbole
634 626 708 673 cum
732 607 952 673 antecedente
969 607 1144 674 coniuncta
1161 611 1227 673 est:
1254 614 1304 674 88.

189 719 261 778 103.
289 720 361 777 103.
389 719 461 778 104.
489 719 561 779 107.
589 719 660 777 116.
687 718 759 778 131.
788 719 859 777 143.
887 719 960 776 186.
987 719 1060 777 392.
1085 718 1160 779 404.

275 819 565 902 Comparationum
590 818 797 899 (ὁμοιώσεων)
827 821 978 902 exempla
1006 821 1113 886 multa
1139 821 1304 903 reperiun-

186 930 256 1002 tur;
282 927 342 992 sed
358 928 424 992 alia
440 947 505 992 non
524 933 611 1007 sunt,
632 927 697 992 nisi
715 946 798 1008 quae
815 928 917 993 etiam
934 927 1021 1010 apud
1041 933 1171 993 ceteros
1186 933 1304 1011 poetas

184 1033 289 1116 legas.
336 1034 535 1100 Parabolam
561 1034 647 1114 apud
670 1034 833 1099 Lucilium
857 1046 923 1099 non
945 1033 1027 1110 vidi,
1057 1033 1219 1117 imagines
1242 1035 1304 1100 has

186 1146 334 1205 tantumz
356 1146 426 1203 136.
442 1144 477 1205 et
491 1146 580 1221 397.;
597 1140 774 1221 pleraeque
786 1140 1056 1222 comparationes¹
1067 1141 1138 1206 sola
1154 1142 1304 1222 exempla

182 1242 276 1328 sunt,
309 1247 380 1312 sive
409 1247 576 1328 particula
608 1245 652 1320 ὡς
683 1247 754 1312 sine
784 1246 928 1314 relativo
959 1246 1149 1328 pronomine
1181 1249 1302 1328 (207‚1.

183 1347 244 1416 ὅσα
267 1357 358 1417 πέντε
381 1353 484 1438 λύκοι)
511 1354 580 1421 sive
605 1355 681 1419 aliis
711 1354 991 1435 comparationum
1018 1354 1122 1419 modis
1145 1354 1303 1420 incohata

180 1465 303 1542 (239,1.
329 1465 465 1541 Χίμαιρα
489 1497 530 1507 -
556 1458 574 1540 ἡ
597 1445 668 1522 καθ’
690 1456 837 1540 Ὅμηρον.
885 1465 997 1537 253,4;
1023 1458 1140 1539 Νιόβης
1162 1460 1302 1535 έμπνοου

181 1564 390 1652 ἀρχέτυπον.)

273 1674 366 1738 Bene
390 1671 537 1738 Lucilius
561 1673 673 1738 verbis
696 1673 859 1738 interdum
883 1673 978 1750 lusit;
1011 1673 1124 1740 inveni
1152 1675 1302 1757 exempla

178 1783 266 1847 haec
290 1781 374 1846 satis
398 1780 527 1845 faceta:

274 1893 364 1963 693:
390 1893 503 1966 γίνεται
526 1888 670 1966 ἐξαπίνης
693 1883 731 1949 οὐ
756 1888 819 1963 νέα,
844 1884 923 1950 ἀλλὰ
945 1886 1023 1955 Ῥέα.

275 1999 388 2071 153,1:
413 1995 512 2060 Iocus
535 1993 624 2059 inter
647 1994 784 2076 Κυνικός
812 1999 847 2060 et
869 1996 966 2070 κύων,
991 1996 1072 2061 item
1098 2001 1194 2069 154,4
1216 2017 1302 2074 πρω-

176 2101 318 2177 condor,
343 2100 540 2167 tritissimus
565 2110 627 2167 est.

274 2214 312 2273 17
318 2213 386 2290 4,61
412 2209 451 2272 de
475 2207 616 2272 furibus:
642 2205 745 2270 οὐκέτι
769 2213 817 2270 σοί
839 2216 955 2287 χειρῶν
977 2212 1019 2282 εἰς
1042 2208 1107 2287 έριν
1134 2210 1301 2287 ἐρχόμεθα.

272 2321 345 2378 197.
372 2311 486 2376 Ἤθελε
510 2319 669 2376 ΔΡΙΜΡΣ
692 2311 772 2391 ἰέγαυ
795 2313 831 2376 τὸ
854 2314 968 2394 πρόσθ’
998 2312 1185 2394 Ἱερώνυμος
1215 2315 1301 2391 εἶναι,

359 2425 418 2484 νῦν
435 2425 468 2484 δέ
487 2421 525 2484 τὸ
547 2426 616 2484 ΔΡΙ
633 2425 691 2496 μὲν
709 2421 779 2499 ἔχει,
799 2427 886 2486 ΔΟΣ
909 2425 942 2484 δὲ
961 2420 999 2485 τὸ
1018 2429 1112 2484 ΜῩΣ
1130 2425 1266 2501 γέγονεν,

179 2527 268 2609 quod
293 2527 497 2610 epigramma
521 2528 664 2593 conferri
684 2533 797 2609 potest
823 2548 893 2595 cum
916 2534 987 2594 182.
1009 2528 1200 2613 (Dionysii),
1227 2535 1300 2595 222.

177 2629 392 2720 (ἀδέσποτον),
419 2641 493 2699 260.
519 2631 673 2717 (ἄδηλον),
699 2639 774 2698 337.
799 2641 834 2702 11
859 2640 931 2702 338.
957 2632 1147 2721 (ἀδέσποτα).
1203 2669 1205 2673 ’

270 2748 346 2807 214.
378 2749 478 2823 poeta
509 2742 638 2808 adludit
662 2743 705 2807 ad
733 2743 816 2808 duas
847 2743 1001 2810 vocabuli
1024 2740 1109 2820 ἰίξιος
1138 2743 1299 2810 notiones.

273 2853 380 2930 314,3.
405 2848 667 2914 luculentissime
690 2849 753 2914 hoc
768 2849 1008 2932 epigrammata
1031 2851 1262 2931 comprobatur
1277 2873 1301 2912 ει

185 2953 311 3020 Romae
334 2954 584 3037 pronuntiatum
610 2960 746 3020 esseut
770 2980 780 3017 ι
804 2955 975 3021 litterula:

270 3067 375 3140 πείνης
398 3060 457 3141 γὰρ
480 3060 615 3139 μεγάλης
636 3060 791 3140 μεγάλους
812 3067 943 3136 πίνακας
963 3063 1151 3141 παρέθηκας.

271 3170 402 3243 31111.
429 3174 458 3231 2.
483 3167 685 3234 iocosissime
709 3168 799 3234 inter
822 3187 858 3235 se
882 3173 1102 3251 opponuntur:

360 3275 470 3337 εἴσιδεν
485 3271 644 3352 Ἀντίοχος
659 3275 715 3354 την
730 3273 914 3352 Λυσιμάχου
936 3279 1012 3338 ποτὲ
1028 3275 1134 3354 τύλην,
1154 3271 1157 3363 l
1177 3274 1301 3338 κούκέτι

186 3379 238 3459 τὴν
261 3381 361 3460 τύλην
383 3383 474 3444 εἴσιδε
497 3388 684 3459 Λυσίμαχος.

271 3493 378 3564 408,4.
405 3484 484 3550 ὥστε
507 3503 718 3567 προσωπεῖον,
744 3487 836 3566 κούχὶ
855 3489 1031 3568 πρόσωπον
1047 3489 1135 3567 ἒχειν.
1183 3490 1223 3555 Ι1
1244 3508 1300 3554 110·

185 3593 322 3660 minibus
337 3594 424 3660 belle
440 3596 521 3660 lusit
537 3595 701 3661 Lucilius:
721 3601 794 3671 210,
814 3604 842 3658 5.
861 3603 896 3661 11
914 3602 943 3660 6.
961 3596 1001 3662 de
1016 3596 1138 3680 ignavo
1155 3595 1299 3662 homine:

274 3697 383 3765 odola
412 3701 439 3764 δ’
470 3699 508 3764 οὗ
537 3705 704 3778 Πολέμωνι
738 3705 957 3781 προσέρχεται,
987 3702 1027 3765 οὐ
1057 3704 1297 3782 Σπρατοκλείδη,

358 3805 438 3871 ἀλλὰ
460 3813 543 3892 φίλῳ
567 3813 678 3890 χρῆται
700 3809 834 3871 πάντοτε
856 3808 1036 3890 Λυσιμάχῳ.

268 3914 394 3981 Dorica
422 3915 567 3981 dialecto
595 3934 674 3982 usus
703 3922 756 3982 est
778 3916 927 3983 Lucilius
961 3922 1075 3995 174,1,
1107 3936 1169 3999 quo
1200 3935 1299 3985 versu

174 4020 399 4102 Antipatrum
429 4021 597 4089 Sidonium
630 4021 804 4098 decantat,
837 4023 891 4103 qni
922 4021 1034 4088 dorice
1066 4021 1200 4106 scripsit
1231 4023 1297 4089 dia-

172 4124 312 4207 ieor01),
336 4131 407 4194 tum
433 4130 505 4191 176.
534 4133 627 4211 177,1
654 4134 787 4195 11178.
886 4139 889 4144 ’

271 4337 394 4407 1)81111,
415 4336 461 4392 Gli
480 4338 566 4409 epigr.
587 4338 662 4410 degli
681 4338 832 4409 Antipatri.
870 4339 947 4395 1890.
967 4354 1031 4410 pag.
1051 4341 1094 4396 78.
1114 4355 1173 4408 sqq.

1104 4445 1137 4500 3*
