2946 4852
514 389 735 447 ...65-

62 557 150 625 dosii
166 557 310 625 alterius
326 559 498 641 aequalem
513 561 677 626 -horum
695 562 960 643 antiquissimum
975 569 1070 631 ratus
1083 571 1184 648 esset,

60 665 191 732 iontem
215 663 491 748 epigrammatum
514 667 557 734 V.
583 672 732 731 2.-103.
778 668 890 734 Rufini
913 669 1069 753 fortasse,
1094 670 1185 738 cuius

61 777 103 836 37
123 775 195 853 (40)
212 775 391 838 servantur
414 772 657 855 epigrammata
679 775 744 840 hac
765 774 800 840 in
823 782 931 856 parte,
957 777 1184 843 collectionem

62 877 342 961 epigrammatum
367 879 601 945 amatoriorum
618 880 732 960 quinto
749 882 880 948 saeculo
904 881 1031 948 editam
1054 884 1185 950 statuit.

61 985 193 1051 Contra
224 984 446 1068 Weigandius
481 985 593 1051 Rufini
631 986 875 1070 epigrammata
912 1007 954 1054 cx
983 989 1186 1074 Diogeuiani

61 1092 260 1176 anthologia
286 1091 421 1159 fluxisse
448 1093 583 1174 putavit
614 1093 724 1160 causis
754 1113 819 1160 uon
848 1095 973 1161 additis
1006 1100 1040 1162 et
1070 1094 1185 1163 Stern-

61 1199 206 1266 bachius
225 1199 343 1266 notula
362 1193 594 1286 brevissina1)
607 1200 692 1266 dixit
716 1201 869 1267 Rufinum
884 1201 987 1268 tertio
999 1203 1053 1270 vel
1065 1209 1184 1285 quarto

59 1307 216 1375 floruisse
239 1307 386 1384 saeculo;
411 1307 599 1373 Iacobsium
615 1307 754 1388 denique
771 1308 883 1374 adfero
900 1309 1102 1376 arbitratum
1117 1311 1185 1375 Ru·

59 1415 162 1480 finum
193 1412 375 1480 Iustiniani
410 1412 513 1479 fuisse
544 1415 726 1495 aequalem.
785 1414 938 1480 Omnium
973 1415 1077 1499 igitur
1107 1422 1185 1499 post

61 1520 235 1587 Christum
262 1526 379 1586 natum
402 1518 472 1586 fere
501 1521 707 1586 saeculorum
729 1521 882 1587 Rufinum
907 1539 981 1587 esse
1004 1522 1069 1589 viri
1092 1523 1183 1589 docti

60 1627 360 1704 existimaverunt3
398 1627 513 1707 itaque
553 1627 654 1692 aliam
692 1627 780 1695 viam
810 1627 941 1711 ingredi
971 1647 1036 1693 non
1066 1628 1185 1695 inutile

61 1752 138 1801 esse
161 1734 319 1800 arbitror.

18 1860 21 1865 ·
151 1841 305 1922 Namque
317 1840 352 1907 in
363 1845 506 1906 mentem
519 1840 700 1908 mihivenit
712 1841 808 1906 unius
816 1841 1039 1907 Romanorum
1051 1848 1183 1924 poetae,

59 1948 214 2031 quamvis
237 1946 379 2022 ferreae,
410 1946 460 2013 uti
482 1947 533 2013 ita
558 1947 675 2029 dicam,
708 1947 845 2024 aetatis,
877 1949 933 2028 qui
956 1947 1091 2015 Graeca
1120 1949 1183 2031 epi·

58 2059 254 2140 grammata
277 2052 441 2135 exhausit,
465 2054 616 2120 Ausonii.
663 2054 812 2120 Plurima
844 2055 914 2119 eius
943 2055 1186 2139 epigrammata

58 2163 106 2229 ad
124 2161 259 2229 Graeca
275 2166 455 2244 prototypa
477 2161 544 2226 iam
568 2162 610 2226 ab
626 2161 768 2229 Ausonii
792 2160 975 2226 editoribus
995 2161 1183 2228 recentissi-

59 2269 128 2335 mis
152 2267 365 2349 Schenhelio‚
392 2269 483 2333 cuius
506 2285 658 2334 numeros
679 2286 811 2349 sequor,
837 2274 871 2333 et
894 2268 1035 2350 Peipero
1059 2287 1185 2334 summa

58 2395 139 2442 eum
168 2373 346 2458 diligentia
373 2375 484 2440 relata
513 2379 591 2440 suut
622 2393 663 2440 ac
692 2393 735 2440 ne
765 2394 864 2440 unum
896 2374 1025 2455 quidem
1049 2375 1113 2442 viri
1135 2375 1186 2440 illi
1307 2387 1310 2391 ·

57 2482 157 2550 docti
187 2481 339 2548 omisisse
365 2481 529 2548 videntur.
576 2482 703 2547 Tamen
726 2500 799 2547 cum
822 2481 998 2546 maximam
1021 2482 1184 2548 Ausonia·

57 2608 181 2657 norum
217 2588 493 2671 epigrammatum
527 2593 657 2670 partem
694 2588 738 2653 ad
772 2587 1016 2671 epigrammata
1053 2587 1186 2655 Graeca

57 2695 241 2764 exstantia
264 2694 431 2777 respicere
446 2694 626 2767 videamus,
651 2713 757 2760 nonne
780 2695 861 2760 licet
878 2694 1041 2776 suspicari
1056 2695 1185 2777 reliqua

56 2822 204 2888 quoque,
231 2821 325 2884 quae,
350 2801 483 2868 etiamsi
501 2801 706 2869 Graecinum
729 2807 905 2869 serventur
928 2801 1048 2883 fontes,
1072 2807 1186 2868 tamen

57 2909 192 2979 Graeci
214 2909 314 2991 plena
338 2913 416 2973 suut
432 2908 567 2990 ingenii,
592 2908 636 2973 ad
652 2907 786 2975 Graeca
806 2907 915 2973 redire
932 2907 1184 2991 epigrammata,
1206 2985 1208 2989 ¹

55 3016 243 3101 prasertim
260 3035 333 3082 cum
348 3016 382 3081 in
400 3015 605 3098 Authologia
623 3014 819 3097 Cephalaua
838 3015 983 3080 nonnisi
1000 3015 1186 3080 dilacerata

56 3123 281 3208 pristinorum
292 3122 523 3205 florilegiorum
536 3124 717 3188 habeamus
730 3120 910 3203 excerpta?
939 3122 1014 3186 Iam
1025 3121 1186 3203 inspectis

58 3229 209 3299 Ausonii
239 3229 489 3312 epigrammatis
519 3229 647 3303 fontes,
680 3230 796 3310 quibus
827 3231 1004 3308 utebatur,
1036 3229 1186 3310 explora·
1290 3248 1296 3333 Ἰ

60 3339 181 3415 bimus,
206 3336 290 3413 dieo,
315 3354 398 3417 quas
421 3336 694 3418 epigrammatum
719 3335 924 3417 excerpserit
949 3354 1096 3401 coronas.

154 3443 264 3510 Missa
286 3442 373 3509 facio
396 3451 510 3509 cetera
534 3443 659 3524 scripta
675 3449 811 3524 praeter
834 3442 1086 3525 epigrammata,
1110 3460 1186 3507 nam

63 3549 201 3618 etiamsi
223 3549 265 3616 iu'
277 3549 354 3616 istis
374 3567 500 3631 quoque
520 3549 732 3617 inveniantur
744 3548 948 3616 Graecorum
969 3548 1186 3632 epigramma·

63 3664 136 3725 tum
150 3656 309 3740 vestigia,
334 3662 447 3722 tamen
466 3675 532 3722 uon
548 3656 630 3721 adeo
647 3655 732 3721 fonti
754 3661 831 3721 sunt
854 3654 975 3720 similia
999 3673 1096 3735 quam
1120 3653 1186 3735 epi-

64 3767 265 3848 grammata,
298 3782 383 3845 quae
406 3762 599 3845 saepissime
629 3763 713 3827 nihil
744 3762 835 3827 aliud
858 3767 936 3827 sunt
959 3760 1024 3826 nisi
1047 3760 1187 3826 mutatis

62 3871 252 3939 nominihus
275 3870 310 3962 iu
337 3870 478 3936 latinum
503 3888 683 3935 sermonem
707 3887 806 3936 versa
830 3867 972 3935 Graeca.
1013 3866 1185 3951 Epigram-

62 3984 160 4046 mata
183 3977 289 4061 igitur
311 3977 395 4042 haec
417 3976 570 4043 imitatus
594 3980 648 4042 cst
671 3975 854 4042 Ausonius:

152 4311 467 4389 hmffimm
