2946 4852
519 387 733 444 ..11-

64 557 249 654 Λονκιαοῧίς
272 576 379 641 locum
402 576 505 642 hebet
526 595 644 658 poema
665 576 755 644 inter
778 579 1020 661 epigrammate
1035 578 1184 660 Philippi

66 683 296 766 Meleagrique
319 682 448 748 coronis
472 683 630 749 delibata.
671 685 833 751 Fortasse
856 690 974 750 auctor
1000 683 1064 751 fuit
1088 703 1185 768 argu-

66 790 175 857 menti
200 789 396 870 Horatios1)

158 897 258 963 Nunc
280 915 362 980 ager
383 897 544 962 Umbreni
568 899 628 963 sub
651 897 789 974 nomine,
813 917 918 980 nuper
942 897 1054 979 Ofelli,

159 1005 291 1085 Dictus,
316 1003 382 1069 erit
404 1003 485 1069 nulli
509 1004 671 1087 proprius,
696 987 875 1069 sed'oeder
897 1004 933 1069 in
955 1024 1049 1070 usum

104 1094 106 1098 ’
159 1112 258 1178 Nunc
280 1110 367 1189 mihi,
392 1129 478 1175 nunc
500 1109 560 1175 illi.

161 1216 318 1284 Ceterum
341 1235 447 1284 novae
470 1216 657 1282 comoediae
680 1217 764 1282 trita
785 1220 863 1282 sunt
883 1216 944 1282 illa
966 1217 1184 1297 problemata.

67 1325 232 1406 Equidem
256 1322 431 1387 ἀδέσποτον
452 1325 487 1390 in
511 1324 616 1390 medio
639 1324 831 1406 relinquam,
856 1333 969 1388 temen
985 1342 1027 1388 ex
1041 1323 1185 1388 Thessa·

67 1432 249 1498 lunicensis
266 1431 458 1514 anthologia
474 1432 715 1513 depromptum3
738 1435 874 1513 propter
894 1449 1011 1495 nomen
1028 1430 1184 1512 Menippi,

69 1558 167 1620 quem
201 1540 404 1604 recentiores
434 1539 499 1603 nisi
531 1557 549 1604 e
580 1537 721 1604 Luciani
751 1536 887 1619 scriptis
917 1555 981 1603 uon
1012 1542 1186 1618 noverunt,

69 1647 157 1711 falso
180 1645 387 1711 intellectum
412 1664 433 1710 a
455 1645 556 1711 sciolo
580 1645 729 1726 quodam,
754 1644 864 1710 nescio
889 1663 932 1709 au
954 1645 996 1709 ab
1020 1644 1090 1726 ipso
1108 1643 1187 1708 Pla·

69 1753 158 1819 uude
182 1752 411 1819 Samosatensi
433 1753 495 1817 hoc
519 1751 722 1835 epigramma
746 1751 948 1833 adscriptum
973 1755 1035 1817 est.

161 1859 230 1924 IX.
259 1864 330 1922 120.
359 1863 400 1940 (8.
424 1858 556 1940 Jacob.)
584 1858 619 1923 in
641 1862 782 1938 utreque
805 1857 1012 1940 Anthologie
1039 1863 1077 1923 ut
1101 1854 1186 1920 ἀδέσ-

69 1989 174 2030 ποτον
196 1965 316 2046 fertur;
352 1965 441 2031 solus
474 1966 577 2030 codex
599 1964 802 2038 Vaticanus,
835 1971 870 2030 et
898 1965 956 2030 ille
979 1965 1108 2044 quidem
1132 1964 1188 2029 mi-

70 2073 152 2139 nimi
167 2072 277 2156 pretii,
294 2074 474 2134 Λουκιανοῦ
486 2074 704 2148 Σομοσοτὲως
716 2072 835 2136 lemme
854 2090 935 2153 prae
956 2091 992 2136 se
1008 2070 1084 2137 fert.
1113 2072 1187 2137 Iam

71 2180 189 2246 addito
219 2184 349 2245 nomine
379 2181 599 2256 Σομωσντὲως
629 2180 739 2245 elucet
769 2178 973 2262 epigramma
1008 2178 1075 2243 illis
1106 2183 1189 2245 tem·

70 2287 207 2370 poribus
231 2286 377 2352 Lucieno
402 2285 606 2368 suppositum
629 2304 712 2362 esse,
742 2285 860 2366 quibus
888 2284 998 2351 omuia
1024 2284 1108 2348 haec
1130 2302 1188 2365 pa·

71 2394 163 2460 triae
195 2394 345 2476 epitheta
376 2392 514 2476 siugulis
546 2392 762 2475 scriptoribus
791 2392 1001 2458 addebantur
1031 2395 1066 2457 et
1096 2396 1186 2472 post-

72 2520 173 2582 quam
204 2500 307 2566 etiam
337 2501 423 2567 alius
450 2499 619 2567 Lucienus
650 2500 811 2585 (fortasse
841 2505 970 2580 martyr
999 2497 1070 2576 ille)
1102 2497 1188 2564 satis

71 2613 173 2674 notus
196 2606 269 2673 fuit.
304 2605 477 2673 Librarius
501 2607 713 2690 epigramma,
738 2605 830 2671 cuius
857 2608 1087 2687 argumentum
1109 2628 1188 2684 παρ·

73 2717 189 2790 οιμιῶν
226 2715 316 2779 locus
355 2718 408 2780 est
438 2713 632 2789 communie,
669 2711 811 2779 forsitan
846 2713 912 2776 hac
942 2731 978 2777 re
1010 2719 1188 2777 commotus

72 2821 224 2888 Lucieno
241 2821 342 2903 dedit,
367 2820 452 2902 quod
467 2820 501 2885 iu
515 2824 716 2886 mortuorum
736 2819 857 2902 dialog.
882 2819 948 2884 XI.
975 2825 1005 2881 4.
1030 2818 1189 2900 seriptum

71 2929 239 2995 videmus:
263 2926 333 2990 οἷόν
362 2950 392 2988 τι
413 2925 588 3003 πάσχουσιν
617 2929 648 2988 ori
670 2933 730 2988 τοῦ
759 2930 884 2988 Λαναοῦ
915 2919 1006 2987 αὗται
1036 2927 1190 3004 παρθένοι

73 3040 119 3111 εἰς
141 3032 200 3097 τὸν
222 3035 409 3113 τετρημένον
432 3038 530 3095 πίθον
553 3033 768 3097 ἐπαντλοῦσαι.
817 3031 972 3099 Ceterum
995 3033 1190 3115 metaphora

72 3142 200 3225 legitur
227 3140 315 3222 apud
337 3140 599 3222 Theophrastum
607 3145 633 3221 ²)
662 3147 698 3206 et
725 3139 813 3222 apud
835 3139 1037 3221 Lucretium,
1047 3138 1071 3219 8)
1094 3158 1191 3221 quem

73 3267 119 3315 ex
129 3247 304 3330 Epicureis
324 3248 457 3330 scriptis
475 3248 653 3332 imaginem
669 3248 909 3331 deprompsisse
926 3247 1105 3315 verisimile
1125 3253 1188 3314 est.

71 3358 197 3437 Itaque
220 3353 395 3417 ἀδέσποτον
417 3354 620 3438 epigramma
643 3354 839 3437 linquamus.

164 3462 231 3529 IX.
255 3466 330 3524 367.
355 3460 399 3546 (2.
416 3461 546 3544 Jacob.)
565 3466 701 3543 propter
717 3463 856 3528 eandem
873 3480 1017 3537 oausam,
1042 3479 1107 3542 qua
1123 3462 1188 3526 IX.

75 3575 139 3644 74,
161 3573 197 3635 et
213 3567 298 3648 quod
314 3568 482 3634 antecedit
500 3569 703 3650 epigramma
726 3569 862 3652 (legitur
883 3569 1018 3636 enimin
1034 3569 1189 3634 lemmate

72 3681 256 3740 Λουκιανοῦ
285 3677 504 3750 Σαμωσατὲως
527 3672 574 3758 [τὸ
598 3676 700 3752 ἐιιιιιλ,1
725 3675 796 3739 ἀθέ’
820 3696 840 3741 a
868 3675 1065 3742 correctoris
1091 3693 1191 3740 manu

74 3777 240 3868 additum]
270 3781 418 3847 Lucieno
448 3800 513 3847 non
543 3781 795 3862 vindicaverim,
832 3782 1008 3866 genuinum
1037 3780 1191 3847 Samosa-

73 3887 183 3955 teusis
215 3905 290 3954 esse
311 3906 404 3972 nego.
449 3887 594 3957 Videtur
616 3894 729 3955 autem
756 3889 1021 3956 additamentum
1047 3897 1107 3953 τοῦ
1129 3889 1191 3952 ἐπι-

169 4134 190 4204 1)
209 4133 266 4188 Sat
284 4134 321 4188 11.
344 4137 368 4201 1,
388 4137 447 4190 133.

168 4222 190 4295 ¹)
209 4224 335 4279 Charact.
354 4224 414 4278 XX.

170 4311 191 4382 ⁸)
211 4311 339 4368 111.948.
