2946 4852
625 388 844 448 -27-

267 563 444 642 Ἰουνίωρος
465 562 584 627 lemma
608 561 773 628 diversum
804 580 877 627 esse
908 581 929 626 a
953 560 1124 640 Νεώτερος,
1150 559 1235 640 quod
1259 559 1294 626 in

176 671 338 737 Palatina
369 669 562 752 anthologia
591 669 673 736 VII.
699 675 773 733 219.
806 670 874 733 IX.
900 673 951 732 28.
982 667 1152 734 invenitur
1183 672 1218 732 et
1250 668 1294 732 ad

166 777 368 865 ‚Pompeium
392 777 576 842 Secundum
596 776 760 842 Iuniorem
784 775 854 840 iure
878 794 917 840 ac
940 775 1060 841 merito
1083 774 1228 842 refertur
1251 777 1293 841 ab

175 883 412 963 Hillschor01)‚
448 889 541 949 recte
576 883 699 948 statuit
734 880 1005 966 Kiesslingius2),
1041 882 1096 962 qni
1130 882 1191 947 hoo
1227 882 1294 964 epi·

175 1012 326 1075 gramma
348 991 415 1056 iam
432 990 578 1057 Senecae
602 990 706 1055 amico
730 989 925 1056 vindicavit.
965 989 1158 1055 Anathema
1182 988 1293 1055 estin

174 1100 341 1168 Venerem
364 1094 590 1175 ἀναδυομὲνην,
622 1096 663 1161 de
694 1115 756 1176 quo
781 1100 975 1178 argumento
1000 1096 1151 1162 conferas
1171 1096 1293 1162 Lucilii

173 1207 209 1272 in
240 1205 447 1289 Anthologia
477 1205 543 1269 XI.
576 1209 659 1279 174.,
692 1222 753 1283 quo
786 1203 929 1268 carmine
960 1201 1136 1284 Antipatri
1167 1203 1291 1269 Sidonii

175 1314 380 1397 epigramma
400 1313 514 1394 (XVI.
535 1308 622 1395 178.)
646 1310 801 1393 parodica
824 1310 1032 1392 perstringit.
1079 1310 1215 1375 Positus
1240 1316 1293 1376 est

173 1421 261 1502 lapis
285 1420 328 1484 ab
352 1421 454 1494 Eone,
480 1417 620 1499 quaein
644 1417 746 1483 Drusi
769 1418 862 1483 domo
886 1421 969 1482 nata
993 1421 1082 1494 erat3
1111 1417 1216 1500 igitur
1239 1435 1291 1499 op-

173 1528 253 1592 timo
278 1526 322 1591 ad
345 1531 503 1605 nostram,
538 1525 577 1589 de
601 1541 666 1604 qna
690 1523 829 1606 agimun,
855 1528 1003 1588 aetatem
1028 1523 1180 1604 quadrat.
1229 1525 1291 1607 En,

175 1635 276 1699 habes
300 1633 403 1698 etiam
427 1650 605 1714 cognomen
628 1630 758 1709 Lucilii,
783 1630 935 1696 Iunioris.

265 2041 354 2106 Tota
377 2041 417 2105 de
440 2040 568 2106 Lucilio
592 2039 818 2121 disputatione
849 2039 1002 2105 confecta
1033 2039 1122 2105 haud
1153 2040 1221 2105 scio
1246 2060 1291 2106 an

178 2168 295 2230 operae
336 2147 478 2228 pretinm
510 2146 569 2227 sit,
607 2164 647 2211 ea
678 2165 762 2226 quae
790 2165 890 2228 supra
924 2166 1001 2229 pag.
1033 2153 1060 2211 6.
1100 2147 1140 2212 de
1170 2151 1293 2228 poetae

177 2255 308 2338 ingenio
325 2253 600 2329 adumbravimus
617 2254 728 2334 paullo
743 2253 875 2319 uberius
891 2253 1060 2318 illustrare
1082 2259 1118 2319 et
1134 2254 1292 2335 exemplis

177 2362 378 2428 confirmare.

264 2468 393 2533 Poetae
408 2471 446 2531 ut
470 2465 671 2532 cotidianum
695 2485 877 2532 sermonem
893 2468 1058 2548 poeticum
1073 2467 1225 2542 reddant,
1250 2468 1292 2534 iis

177 2575 381 2655 potissimum
405 2573 646 2639 sententiarum
671 2574 979 2654 enuntiatorumque
1009 2575 1292 2640 immutationibus

176 2686 329 2761 utuntur,
371 2699 453 2761 quas
492 2680 699 2760 antiquorum
740 2681 824 2745 artis
871 2680 1057 2747 rhetoricae
1096 2681 1292 2762 scriptorum

177 2788 355 2868 exemplum
380 2787 487 2852 secuti
510 2785 650 2866 τρόπους
665 2788 834 2853 nominare
858 2788 1079 2855 adsuevimus.
1126 2788 1294 2854 Definitur

177 2899 289 2960 autem
325 2898 438 2974 tropus
469 2914 489 2957 a
523 2892 734 2975 Chariclen,
758 2895 901 2961 Aemilio
937 2895 1062 2962 Scauro
1096 2901 1292 2978 praeeunte:

177 3009 291 3082 tropus
316 3004 369 3065 est
393 3000 494 3065 dictio
518 3001 688 3065 translata
712 3019 733 3065 a
756 3001 888 3081 propria
905 3001 1148 3083 significatione
1165 3002 1208 3066 ad
1229 3021 1293 3068 non

176 3107 341 3189 propriam
365 3104 447 3193 [per]
471 3106 717 3172 similitudinem
734 3107 948 3173 necessitatis
966 3114 1025 3173 aut
1043 3109 1151 3175 cultus
1168 3110 1290 3192 gratia.

177 3214 275 3296 Apud
299 3213 570 3299 Quintilianum)
594 3215 859 3293 quattuordecim
882 3220 1050 3296 troporum
1066 3235 1191 3299 genera
1216 3236 1292 3281 enu-

178 3326 308 3386 merata
331 3320 489 3400 videmus,
514 3320 549 3385 in
571 3320 622 3385 his
642 3320 864 3386 usitatissima
880 3326 915 3388 et
931 3322 1036 3388 minus
1052 3323 1195 3400 usitata3
1221 3341 1292 3389 cum

176 3425 296 3492 Lucilii
326 3431 493 3508 troporum
522 3445 616 3492 usum
647 3429 852 3516 perlustrare
884 3447 1049 3508 conemur,
1089 3448 1129 3494 ea
1161 3433 1292 3496 tantum

176 3552 299 3615 genera
323 3552 513 3599 enumerare
536 3533 628 3612 libet,
654 3553 738 3614 qnae
762 3535 848 3614 apud
869 3539 1001 3617 poetam
1025 3537 1132 3616 ipsum
1157 3536 1289 3618 saepius

175 3639 397 3706 inveniuntur.

267 3851 289 3918 1)
308 3849 454 3903 Hominum
467 3849 656 3915 litteratorum
669 3849 836 3907 Graecorum
849 3859 914 3908 anto
926 3852 1030 3908 Tiberii
1048 3860 1165 3909 mortem
1183 3853 1212 3908 in
1225 3853 1292 3910 urbo

175 3938 262 3993 Roma
284 3945 514 3992 commoratornm
537 3938 601 3993 hist.
626 3940 687 3995 orit.
708 3972 741 3980 -
761 3942 858 3997 Annal.
882 3942 948 4010 phil.
973 3941 1065 4010 Suppl.
1084 3942 1188 3997 XVllI.
1215 3945 1291 3999 1892.

193 4070 199 4083 .
218 4030 236 4080 4
255 4029 279 4082 ὅ.
300 4043 312 4080 s
334 4067 339 4081 .

174 4044 191 4095 l)
236 4028 285 4185 0²)
304 4042 364 4170 Iffrd.
384 4116 448 4170 lect.
468 4115 643 4173 Greifswald.
663 4117 784 4188 1884185.

265 4205 285 4274 ⁸)
304 4221 330 4272 p.
351 4207 410 4258 272.
428 4205 462 4259 K.

264 4294 287 4364 4)
306 4295 371 4349 inst.
391 4310 429 4350 or.
450 4295 525 4363 Vlll‚
545 4299 570 4351 6.
590 4328 622 4338 -
643 4295 805 4363 Volkmann,
825 4297 927 4351 rhetor.
946 4313 1010 4366 pag.
1029 4301 1082 4352 418
1101 4311 1159 4364 sqq.
