2946 4852
541 425 761 484 ..71-

304 597 373 665 Vix
395 596 511 678 implet
536 598 679 662 cocleam
703 602 842 678 peraeta
865 598 991 676 messio,

304 706 518 771 ernustum
540 722 623 769 nuce
648 701 813 768 condimus
837 703 962 785 picata.

304 808 448 889 Errasti,
473 810 576 891 Lupe,
601 808 717 874 littera
742 809 800 874 sed
824 828 924 874 unaz'

303 916 477 996 Namque
502 920 649 996 tempore
672 915 842 997 praedium
870 915 1003 999 dedisti,

303 1021 440 1087 Mallem
463 1026 502 1088 tu
525 1021 801 1102 mihiprandium
824 1021 982 1087 dedisses.

78 1128 321 1211 Amplificarit
352 1128 457 1211 igitur
487 1133 523 1193 et
547 1127 699 1192 extendit
722 1129 784 1194 hoc
806 1129 877 1194 loco
899 1129 1067 1196 Martialis
1088 1132 1210 1198 Lucilii

78 1240 325 1318 argumentum
349 1233 486 1315 ideoque
516 1233 617 1299 etiam
641 1234 749 1318 magis
772 1235 983 1318 hyperbolice
1006 1257 1075 1303 rem
1097 1238 1208 1317 finxit3

77 1343 177 1410 tales
204 1360 317 1408 omnes
339 1341 410 1407 fere
433 1341 580 1422 reliquae
605 1348 682 1407 sunt
705 1342 921 1418 imitationes,
946 1350 985 1409 ut
1008 1349 1210 1412 sectatorem

77 1447 351 1531 amplificantem
375 1448 545 1514 videamus
570 1447 734 1515 Graecum
759 1453 1005 1531 prototypon¹t

176 1554 330 1620 Eandem
353 1554 516 1620 rationem
540 1553 747 1620 intercedere
775 1554 863 1619 inter
886 1555 1039 1622 Rufinum
1063 1565 1098 1623 et
1120 1560 1210 1624 Mar·

75 1661 206 1728 tialcm
233 1661 358 1727 duobus
380 1660 568 1743 perspicere
595 1680 766 1741 possumus
795 1661 1059 1745 epigrammatis:
1085 1665 1127 1739 V,
1154 1669 1208 1730 12:

174 1765 395 1843 denudasset,
409 1771 559 1848 Προδίκη,
584 1766 818 1843 concumbebat,
833 1774 882 1831 καὶ
906 1767 965 1831 τὸν
989 1767 1127 1850 ἄκρατον

223 1874 362 1949 ἕλκωμεν
385 1876 512 1949 κύλικας
533 1880 676 1952 μείζονας
699 1875 869 1953 αἰρόμεναι.

181 1979 281 2056 Βαιὸς
304 1979 322 2044 ὁ
345 1980 523 2060 χαιρόντων
545 1982 626 2043 ἐστὶν
648 1982 810 2055 βίοςέῖτα
833 1980 872 2043 τὰ
895 1982 989 2045 λοιπὰ

225 2090 322 2167 γῆρας
344 2087 496 2161 κωλύσει,
511 2091 561 2147 καὶ
584 2083 622 2147 τὸ
646 2088 733 2160 τέλος
756 2087 896 2161 θάνατος

72 2195 243 2263 conferas
268 2213 339 2260 cum
364 2194 464 2259 Mart.
489 2194 550 2262 IV.
577 2198 633 2255 34:

177 2300 295 2382 Galla,
321 2319 420 2384 nega:
448 2300 596 2366 satiatur
619 2318 719 2377 amor,
745 2299 810 2366 nisi
834 2301 956 2384 gaudia
980 2306 1152 2383 torquent:

225 2407 291 2475 Sed
314 2408 382 2473 noli
405 2407 549 2489 nimium,
575 2405 687 2488 Galla,
711 2426 835 2489 negare
859 2408 929 2483 diu3

68 2524 108 2585 et
141 2522 220 2583 tum
246 2514 369 2580 Rufinii
392 2515 434 2583 V.
460 2519 519 2576 422

249 2624 340 2684 Μισω
363 2621 420 2700 τὴν
444 2621 560 2699 ἀφελῆ,
574 2624 654 2694 μισῶ
678 2618 734 2700 τὴν
758 2621 909 2700 σώφρονα
931 2628 1023 2684 λίαν·

304 2726 322 2806 ἡ
345 2725 484 2805 μὲνγὰρ
507 2729 669 2807 βραδέως,
683 2726 701 2806 ἡ
726 2730 758 2789 δὲ
785 2730 864 2790 θέλει
889 2730 1015 2806 ταχέως,

67 2857 156 2906 cum
181 2833 356 2900 Martialis
380 2833 407 2898 Ι.
435 2839 491 2897 57:

175 2941 330 3025 Qualem,
354 2940 486 3018 Flacco,
510 2939 620 3021 velim,
645 2939 786 3021 quaeris,
811 2939 954 3007 nolimve
977 2939 1143 3021 puellam?

226 3047 312 3114 Nolo
335 3047 432 3113 nimis
456 3045 588 3112 facilem
612 3045 844 3127 difficilemque
867 3045 973 3111 nimis.

173 3154 271 3221 Illud
283 3154 368 3235 quod
384 3153 526 3219 medium
542 3159 595 3218 est
612 3159 711 3233 atque
728 3152 818 3218 inter
833 3169 1007 3233 utrumque
1018 3155 1208 3233 probamus:

223 3261 297 3327 Nec
318 3260 392 3328 volo
417 3260 501 3341 quod
531 3260 668 3338 cruciat,
692 3279 755 3324 nec
777 3259 851 3325 volo
876 3259 961 3340 quod
986 3260 1103 3326 satiat.

174 3368 258 3434 Mea
271 3366 399 3448 quidem
413 3366 581 3432 sententia
594 3365 772 3440 Martialis
790 3371 827 3431 ut
844 3365 926 3431 alibi
937 3366 1070 3448 Lucilii,
1087 3365 1137 3431 ita
1154 3367 1208 3433 hic

57 3476 195 3548 Rufini
213 3479 364 3540 sectator
374 3473 453 3555 fuit3
470 3492 548 3538 nam
559 3491 664 3553 neque
681 3491 761 3538 casu
778 3480 972 3539 consensum
987 3473 1115 3539 factum
1130 3493 1204 3540 esse

55 3592 181 3671 putes
217 3598 322 3661 neque
353 3579 506 3645 Rufinum
536 3579 729 3644 Martialem
764 3584 913 3645 secutum
944 3597 1019 3645 esse
1051 3579 1206 3645 credibile

56 3699 123 3762 est
164 3692 360 3772 propterea,
377 3685 470 3766 >quia
493 3685 678 3753 breviorem
709 3690 744 3751 et
775 3685 987 3751 concisiorem
1018 3686 1208 3752 sententiae

55 3803 226 3870 formam
251 3792 337 3873 apud
354 3791 520 3859 Graecum
542 3811 734 3873 expressam
753 3793 934 3858 habeamus
957 3792 1209 3875 epigrammato-

53 3905 255 3995 graphnm.

167 4008 271 4094 Quae
296 4024 368 4071 cnm
390 4005 442 4070 ita
465 4004 543 4084 sint,
567 4004 754 4071 Rufinum
777 4004 927 4070 Lucilii
955 4004 1040 4069 fere
1065 4023 1209 4084 aequa·

52 4116 143 4190 lem
171 4113 309 4183 fuisse
333 4111 494 4193 eiusque
518 4111 809 4194 epigrammata
832 4111 1120 4195 aDiogeniano
1145 4129 1208 4203 er·

55 4230 223 4310 cerpta
249 4237 344 4286 esse
366 4237 596 4300 persuasum
620 4219 756 4284 babeo.

160 4366 186 4437 1)
210 4356 431 4417 Friedluender:
449 4356 532 4413 Mart.
552 4359 574 4414 Ι.
595 4360 662 4427 19,1.
