2946 4852
711 429 931 488 ..52-

263 610 341 671 tura
372 602 416 669 ad
443 601 630 686 Agathiam
660 603 769 669 relata
800 608 886 668 sunt.
932 601 974 671 V.
1002 608 1052 665 77.
1084 600 1230 668 auctoris
1260 619 1378 666 nomeu

263 713 366 778 habet
389 709 515 792 Rufini,
545 708 636 775 cuius
664 713 755 774 certe
782 727 846 774 non
875 713 943 790 est,
972 707 1031 774 sad
1057 712 1185 774 rectum
1207 714 1379 795 auctorem

262 817 438 884 Palladam
454 816 521 883 iam
537 815 720 882 Salmasius
735 813 947 898 recognovit3
964 814 1104 890 accedit,
1122 813 1207 895 quod
1221 812 1256 879 in
1271 812 1380 895 priore

263 923 340 990 libri
363 923 470 1005 quinti
492 927 606 1006 parte,
635 922 677 989 de
700 940 766 1003 qua
788 919 876 986 infra
900 919 1089 987 accuratius
1113 921 1273 1004 agendum
1303 919 1379 1001 erit,

264 1029 463 1113 Agathiana
487 1029 728 1113 epigrammata
751 1044 885 1108 prorsus
906 1027 1034 1092 desunt.
1075 1025 1230 1106 Alterum
1249 1045 1381 1109 poema-

265 1137 347 1202 tium
375 1137 441 1204 IX.
459 1139 532 1199 498.
556 1134 686 1200 -duo
710 1138 839 1199 tantum
863 1132 1032 1200 uersiculi!
1057 1133 1238 1200 —iterum
1263 1129 1382 1212 ἄδηλον

264 1241 426 1309 traditum
456 1246 509 1307 est
539 1258 644 1321 neque
668 1241 767 1305 ullam
791 1239 943 1321 perspexi
967 1257 1110 1319 causam,
1140 1258 1204 1320 qua
1228 1240 1383 1305 commoti

265 1347 438 1432 Agathino
466 1347 658 1415 adiciamus.
705 1347 814 1412 Unum
843 1351 968 1412 certum
997 1345 1264 1427 Daphniacorum
1292 1344 1382 1428 frag-

266 1459 411 1522 mentum
439 1455 500 1524 VI·
532 1460 582 1521 80.
641 1451 898 1519 Constantinum
931 1450 1063 1517 minime
1102 1470 1143 1516 err
1176 1451 1383 1534 Daphuiacis

265 1562 348 1644 ipsis
372 1561 577 1643 excerpsisse
602 1563 750 1637 constat3
774 1576 851 1624 nam
874 1576 946 1624 cum
962 1558 1160 1640 Daphniaca
1182 1576 1247 1624 non
1268 1566 1383 1624 essent

267 1668 511 1750 epigrammata
534 1665 766 1748 Cephalasque
781 1683 845 1730 non
866 1663 930 1729 nisi
953 1664 1215 1748 epigrammaton
1236 1663 1385 1747 syllogus

267 1775 490 1855 excerpsisset
512 1777 690 1855 praeterea
713 1790 786 1838 cum
804 1788 903 1837 unum
919 1776 1050 1838 tantum
1066 1771 1162 1837 huius
1178 1770 1385 1836 collectionis

267 1879 354 1947 satis
377 1897 518 1962 magnae
541 1878 574 1944 iu
596 1877 797 1961 anthologiis
818 1882 930 1944 exstet
946 1877 1178 1961 fragmentum,
1203 1876 1386 1960 Cephalam

268 1985 441 2069 Agathino
456 1984 656 2067 Daphniaca
677 2004 720 2051 ne
742 1984 874 2051 novisse
898 1982 1029 2065 quidem
1049 2002 1243 2066 persuasum
1265 1984 1384 2048 habeo.

268 2092 483 2175 Deprompsit
505 2091 609 2174 igitur
631 2090 829 2174 prooemium
851 2090 1119 2172 Daphniacorum
1148 2109 1190 2157 ex
1211 2090 1386 2174 Agathino

271 2199 383 2281 Cyclo,
410 2236 451 2246 —
475 2198 580 2264 locnrn
604 2197 690 2263 enim
712 2198 815 2263 habet
838 2197 873 2263 in
900 2198 1000 2281 longa
1023 2197 1289 2281 Agathianornm
1319 2198 1387 2278 epi·

271 2310 491 2389 grammatum
515 2304 614 2370 serie:
631 2305 693 2372 VI.
712 2307 862 2368 63.-84.
876 2343 917 2352 -
931 2304 986 2386 qui
1010 2322 1067 2370 sno
1091 2303 1161 2369 iure
1184 2305 1388 2386 epigramma

269 2411 351 2478 illud
374 2410 521 2492 recipere
543 2411 663 2493 potuit,
694 2428 765 2476 cum
789 2415 824 2477 ct
848 2412 1050 2494 epigramma
1074 2415 1164 2476 esset
1186 2429 1223 2477 re
1245 2429 1328 2478 vera
1352 2418 1388 2475 et

270 2517 422 2585 versibus
445 2516 604 2600 elegiacis
627 2517 862 2599 conscriptum:
889 2517 972 2583 conf.
996 2535 1138 2599 prooem.
1163 2514 1255 2599 (lycl.
1275 2517 1337 2585 IV.
1357 2523 1388 2599 3,

274 2629 347 2689 106.
372 2642 440 2704 sq.2
540 2645 545 2658 ¹

361 2735 411 2792 nol
435 2730 532 2793 τόσον
554 2731 587 2806 ἐξ
610 2731 728 2806 s'ie‘yooo
752 2734 942 2810 πολυσπερὲς
965 2726 1064 2805 ἄνθος
1086 2729 1210 2809 ἀγείρας

361 2838 477 2910 στέμμα
501 2853 549 2898 σοι
572 2832 723 2910 apotolo
746 2835 930 2915 καθήρμοσα
953 2840 1179 2914 Καλλιοπείης..

362 2941 544 3007 Occasione
576 2942 657 3006 data
691 2959 771 3020 quos
799 2947 917 3023 poetas
942 2941 1043 3025 Oyolo
1066 2941 1272 3008 coniunxerit
1295 2942 1390 3024 Aga·

273 3048 374 3117 thiae,
398 3047 513 3129 paucis
536 3049 771 3127 quaeramus¹).

360 3155 395 3220 N
396 3173 450 3219 am
472 3155 537 3222 viri
561 3154 651 3220 docti
666 3154 756 3220 inter
772 3173 846 3221 sese
863 3155 1074 3237 dissentiunt,
1099 3156 1262 3237 usquead
1277 3174 1392 3236 quam·

273 3280 349 3327 nam
380 3265 528 3328 aetatem
559 3262 781 3343 pertinuerint
812 3260 868 3327 illa
900 3259 1043 3342 ἀρτιγενῆ
1073 3267 1124 3324 καὶ
1155 3263 1290 3343 νεώτερα
1324 3262 1393 3326 τῶν

180 3428 182 3434 .
274 3367 525 3447 ἐπιγραμμάτων.
578 3369 752 3450 Agathiae
783 3368 984 3435 sententiam
1018 3369 1046 3434 si
1078 3369 1284 3436 adverbum
1316 3388 1392 3436 ver·

275 3475 386 3547 timus,
410 3475 497 3538 hano
521 3473 720 3555 efficimus²):
738 3476 843 3541 Porro
866 3475 948 3541 illud
971 3494 1096 3556 quoque
1113 3475 1392 3558 operaepretium

277 3599 351 3647 esse
366 3580 446 3645 mihi
468 3580 646 3647 videbatur
664 3600 726 3666 nec
741 3601 807 3648 non
822 3582 998 3664 ingratum,
1024 3583 1285 3665 epigrammaton
1305 3601 1394 3663 quae

275 3688 369 3753 modo
392 3686 585 3769 prodierunt
613 3706 761 3768 quaeque
788 3687 975 3754 recentiora
1004 3689 1110 3754 adhuc
1138 3689 1323 3768 latuerunt,
1356 3695 1393 3756 et

276 3793 345 3875 illa,
358 3810 444 3874 quac
455 3812 477 3858 a
489 3793 654 3858 nonnullis
667 3793 861 3874 quibusdam
873 3794 982 3874 poetis
999 3794 1069 3860 sine
1081 3794 1148 3860 ullo
1165 3796 1277 3861 ordine
1294 3796 1394 3879 (haec

279 3900 365 3966 enim
388 3899 479 3966 notio
501 3899 593 3966 vocis
609 3898 864 3978 xtono'esthoc
884 3900 970 3978 looo;
995 3902 1079 3968 conf.
1096 3902 1281 3984 Polynic.
1301 3907 1392 3978 14‚2:

276 4006 376 4085 χύδην
391 4006 534 4086 &opipara
546 3999 637 4082 iulo,
655 4007 774 4072 Alexis
787 4008 874 4089 apud
884 4007 1009 4072 Athen.
1026 4013 1076 4083 15,
1092 4007 1211 4072 686A:
1226 4007 1395 4086 στεφάνων

368 4254 391 4322 ¹)
410 4252 570 4308 steinbach,
589 4252 651 4309 mel.
671 4269 713 4323 gr.
732 4255 775 4309 al.
796 4269 834 4320 sq.
855 4253 1000 4323 Weigand.
1020 4254 1037 4308 l.
1057 4255 1074 4309 l.
1095 4256 1155 4310 560.
1175 4271 1213 4322 sq.

367 4341 389 4411 ⁹)
408 4342 426 4397 l.
444 4342 463 4396 l.
483 4341 552 4397 conf.
572 4357 655 4410 supra
673 4358 737 4411 pag.
757 4343 799 4397 60.
