2946 4852
632 399 852 457 ..69-

270 569 352 635 dit&
373 570 432 636 τὸν
454 572 489 634 ἐκ
511 569 636 634 τούτων
658 570 779 650 ἀμφοῖν
800 573 899 647 μέσον
910 621 918 652 ,
933 571 1005 635 οἷον
1028 573 1148 636 ἐκεῖνον

317 677 375 742 τὸν
397 682 448 742 καὶ
469 676 514 758 μὴ
536 679 683 758 παρέχειν
706 677 809 741 εἰδότα
832 683 884 741 καὶ
906 680 1062 757 παρέχειν.
1087 720 1128 731 -

176 803 340 887 Adparet
362 820 441 886 ergo
463 799 618 868 Rufinum
642 807 721 868 ante
745 801 938 869 Stratonem
961 800 1120 870 floruisse.

274 926 341 996 Sed
371 927 475 994 etiam
505 925 638 1010 propius
670 926 713 992 ad
736 926 848 993 Rufini
876 931 1024 994 aetatem
1057 927 1216 994 accedere
1248 947 1307 995 nos

175 1053 279 1120 posse
302 1052 398 1116 spero
421 1033 584 1116 inspectis
608 1033 724 1116 paucis
741 1033 909 1100 Martialis
934 1034 1195 1119 epigrammatis,
1222 1053 1308 1116 quae

176 1143 301 1209 miram
317 1160 389 1207 cum
405 1139 518 1207 Rufini
532 1140 684 1207 versibus
701 1145 875 1207 ostentant
888 1141 1146 1225 congruentiam.
1184 1140 1308 1208 Lucilii

176 1248 318 1330 eiusque
333 1251 537 1314 sectatorum
553 1245 745 1313 Martialem
761 1265 889 1328 quoque
905 1247 1117 1330 pedisequum
1142 1267 1216 1314 esse
1239 1248 1307 1315 iam

178 1375 285 1438 supra
297 1353 629 1437 commemoravimus,
643 1373 748 1435 neque
760 1359 874 1420 tamen
887 1355 1098 1422 accuratiora
1111 1355 1151 1421 de
1162 1355 1305 1439 ratione,

176 1481 269 1544 quae
291 1461 380 1527 inter
408 1459 571 1527 Lucilium
600 1466 635 1526 et
656 1461 849 1527 Martialem
876 1460 1071 1537 intercedit,
1099 1462 1306 1544 protulimus,

176 1588 270 1652 quae
294 1567 376 1633 data
396 1567 568 1634 occasione
584 1587 671 1634 nuuc
685 1567 832 1650 proferre
848 1567 960 1633 liceat.
996 1566 1147 1650 Namque
1164 1569 1307 1651 adparet

174 1674 376 1742 Martialem
414 1675 527 1740 eodem
567 1693 629 1754 quo
665 1674 829 1741 Lucilium
867 1673 1065 1741 imitabatur
1096 1676 1190 1742 modo
1222 1676 1307 1743 alios

175 1800 311 1865 quoque
342 1784 461 1864 poetas
492 1780 659 1847 imitatum
690 1799 774 1846 esse.
828 1779 957 1864 Collegi
995 1787 1107 1847 eutem
1136 1783 1221 1849 haec
1250 1803 1306 1866 po-

173 1888 350 1955 tissimum
393 1887 648 1970 epigrammata,
689 1887 805 1969 quibus
850 1906 923 1952 mea
968 1887 1098 1968 quidem
1136 1890 1306 1957 sententia

174 1993 379 2064 Martialem
402 1999 570 2059 strenuum
595 1993 716 2059 Lucilii
740 1999 913 2080 captemus
938 2001 1149 2062 sectatorem.

290 2116 413 2185 Lucilii
429 2136 478 2200 ep.
496 2118 562 2184 XI.
592 2123 640 2180 10.
666 2117 747 2183 cont.
775 2136 847 2184 cum
861 2118 1032 2185 Martialis
1055 2120 1121 2186 HI.
1147 2125 1198 2186 10.

355 2272 369 2300 n
443 2275 458 2305 ‚‚
565 2230 637 2287 141.
703 2271 716 2298 η
803 2271 816 2298 i
937 2273 950 2300 η

355 2377 369 2406 ,,
444 2378 457 2405 ,,
566 2337 638 2396 153.
702 2381 717 2412 ‚‚
943 2383 950 2412 ‚

441 2484 455 2512 ll
565 2441 637 2501 171·
703 2488 718 2517 ll
803 2488 817 2517 li
935 2488 950 2518 il

355 2591 368 2619 „
441 2591 454 2619 „
564 2550 637 2608 176.
703 2591 716 2618 ,,
802 2595 817 2624 „

355 2697 368 2726 e
444 2697 458 2724 s
507 2743 510 2746 Α
566 2656 637 2713 196.
703 2698 717 2725 η
803 2697 817 2725 n
936 2702 951 2731 ,,

443 2804 457 2831 n
562 2761 636 2823 205·
701 2805 713 2832 e
802 2805 815 2832 n
936 2806 948 2831 e
1116 2807 1122 2820 ·
1193 2813 1199 2826 ·

361 2913 368 2945 ,
443 2910 457 2938 ‚,
562 2869 636 2927 214.
702 2911 715 2936 „
801 2912 815 2939 „
936 2911 949 2938 „
999 2915 1005 2927 .
1064 2918 1071 2930 .
1130 2917 1136 2929 .

354 3019 369 3050 „
445 3016 458 3044 „
519 2958 638 3034 aee.
704 3017 717 3043 „
803 3020 818 3050 ‚,

443 3122 457 3150 ‚,
562 3081 637 3140 240.
703 3124 716 3149 „
803 3125 816 3152 „
935 3128 950 3158 ,‚

443 3232 457 3262 n
564 3186 637 3247 249·
704 3230 717 3257 ἦ
804 3234 819 3262 il
937 3235 952 3265 li

353 3339 369 3370 ‚,
443 3335 457 3363 „
563 3292 637 3354 257.
703 3336 715 3362 „
803 3337 815 3359 „
935 3338 948 3366 „

443 3442 456 3469 η
566 3401 639 3461 310.
706 3442 719 3469 η
803 3445 816 3472 ‚2
939 3444 951 3470 η

177 3519 334 3588 Enotavi
368 3538 410 3586 ea
440 3524 573 3585 tantum
604 3521 768 3603 exempla,
800 3521 917 3602 quibus
949 3527 1056 3589 totum
1082 3523 1204 3589 Lucilii
1238 3523 1304 3606 epi·

180 3645 335 3712 gramma
364 3645 385 3692 a
408 3625 567 3692 Martiale
598 3645 787 3708 expressum
819 3634 889 3704 est3
918 3628 1069 3710 singulas
1098 3629 1304 3697 imitationes

178 3735 234 3800 hic
258 3732 410 3816 proferre
434 3736 536 3813 atque
559 3750 750 3799 enumerare
766 3734 974 3815 supersedeo.
1013 3735 1167 3816 Exempli
1190 3736 1305 3819 gratia

179 3859 282 3907 uuum
306 3845 342 3906 et
365 3839 506 3905 alterum
530 3839 748 3905 conferamus,
793 3841 861 3906 XI.
887 3846 961 3904 310.
985 3841 1119 3907 Lucilii:

270 3961 447 4043 Ἠγόρασας
467 3963 796 4040 πλοκάμους,φῦκος,
820 3966 897 4039 μέλι,
921 3964 1029 4044 κηρὸν,
1054 3963 1205 4041 ὀδόντας·
1260 4027 1261 4032 ,

315 4073 370 4150 τῆς
394 4067 491 4150 αὐτῆς
513 4071 653 4150 δαπάνης
676 4068 752 4146 ὄψιν
776 4068 815 4134 ἂν
839 4069 1003 4151 ἠγόρασας,

179 4200 214 4262 et
238 4192 436 4260 Martialem
457 4193 553 4278 legas
576 4194 663 4259 XII.
690 4199 746 4258 23:

267 4299 438 4367 Dentibus
462 4304 563 4380 atque
587 4300 698 4384 comis,
722 4319 785 4366 uec
808 4307 843 4366 te
866 4300 977 4383 pudet,
1004 4301 1107 4368 uteris
1132 4301 1266 4382 emptis:
