<?xml version="1.0" encoding="UTF-8"?>
<!DOCTYPE html PUBLIC "-//W3C//DTD XHTML 1.0 Transitional//EN"
    "http://www.w3.org/TR/xhtml1/DTD/xhtml1-transitional.dtd">
<html xmlns="http://www.w3.org/1999/xhtml" xml:lang="en" lang="en">
 <head>
  <title>
</title>
<meta http-equiv="Content-Type" content="text/html;charset=utf-8" />
  <meta name='ocr-system' content='tesseract 3.04.00' />
  <meta name='ocr-capabilities' content='ocr_page ocr_carea ocr_par ocr_line ocrx_word'/>
</head>
<body>
  <div class='ocr_page' id='page_1' title='image "./deanthologiapal01sakogoog_0086.png"; bbox 0 0 2946 4852; ppageno 0'>
   <div class='ocr_carea' id='block_1_1' title="bbox 629 420 852 481">
    <p class='ocr_par' dir='ltr' id='par_1_1' title="bbox 629 420 852 481">
     <span class='ocr_line' id='line_1_1' title="bbox 629 420 852 481; baseline -0.009 -16"><span class='ocrx_word' id='word_1_1' title='bbox 629 420 852 481; x_wconf 62' lang='lat'>..75-</span> 
     </span>
    </p>
   </div>
   <div class='ocr_carea' id='block_1_2' title="bbox 172 593 1325 3860">
    <p class='ocr_par' dir='ltr' id='par_1_2' title="bbox 172 593 1302 783">
     <span class='ocr_line' id='line_1_2' title="bbox 173 593 1302 678; baseline 0 -17"><span class='ocrx_word' id='word_1_2' title='bbox 173 613 253 661; x_wconf 90' lang='lat' dir='ltr'>esse</span> <span class='ocrx_word' id='word_1_3' title='bbox 267 594 422 671; x_wconf 79' lang='lat' dir='ltr'>sciamus,</span> <span class='ocrx_word' id='word_1_4' title='bbox 442 593 500 660; x_wconf 89' lang='lat' dir='ltr'>sed</span> <span class='ocrx_word' id='word_1_5' title='bbox 513 593 608 659; x_wconf 92' lang='lat' dir='ltr'>unius</span> <span class='ocrx_word' id='word_1_6' title='bbox 621 594 752 669; x_wconf 79' lang='lat' dir='ltr'>Lucilii,</span> <span class='ocrx_word' id='word_1_7' title='bbox 771 600 863 660; x_wconf 89' lang='lat' dir='ltr'>recte</span> <span class='ocrx_word' id='word_1_8' title='bbox 876 595 937 660; x_wconf 93' lang='lat' dir='ltr'>hoc</span> <span class='ocrx_word' id='word_1_9' title='bbox 954 613 1080 675; x_wconf 90' lang='lat' dir='ltr'>quoque</span> <span class='ocrx_word' id='word_1_10' title='bbox 1098 596 1302 678; x_wconf 89' lang='lat' dir='ltr'>epigramma</span> 
     </span>
     <span class='ocr_line' id='line_1_3' title="bbox 172 699 1055 783; baseline 0 -17"><span class='ocrx_word' id='word_1_11' title='bbox 172 702 307 766; x_wconf 88' lang='lat' dir='ltr'>Alcaeo</span> <span class='ocrx_word' id='word_1_12' title='bbox 330 719 504 783; x_wconf 82' lang='lat' dir='ltr'>perperam</span> <span class='ocrx_word' id='word_1_13' title='bbox 527 699 690 765; x_wconf 87' lang='lat' dir='ltr'>tributum</span> <span class='ocrx_word' id='word_1_14' title='bbox 713 700 841 766; x_wconf 90' lang='lat' dir='ltr'>Lucilio</span> <span class='ocrx_word' id='word_1_15' title='bbox 866 700 1055 766; x_wconf 83' lang='lat' dir='ltr'>adiciamus.</span> 
     </span>
    </p>

    <p class='ocr_par' dir='ltr' id='par_1_3' title="bbox 175 805 1325 3446">
     <span class='ocr_line' id='line_1_4' title="bbox 268 805 1300 891; baseline -0.002 -18"><span class='ocrx_word' id='word_1_16' title='bbox 268 809 322 873; x_wconf 91' lang='lat' dir='ltr'>De</span> <span class='ocrx_word' id='word_1_17' title='bbox 337 807 485 890; x_wconf 78' lang='lat' dir='ltr'>Hedyli</span> <span class='ocrx_word' id='word_1_18' title='bbox 501 809 587 888; x_wconf 86' lang='lat'>(123.</span> <span class='ocrx_word' id='word_1_19' title='bbox 607 811 642 871; x_wconf 91' lang='lat' dir='ltr'>et</span> <span class='ocrx_word' id='word_1_20' title='bbox 660 812 758 885; x_wconf 86' lang='grc'><strong>414.),</strong></span> <span class='ocrx_word' id='word_1_21' title='bbox 775 805 990 890; x_wconf 80' lang='lat' dir='ltr'>Antipatri</span> <span class='ocrx_word' id='word_1_22' title='bbox 1007 809 1096 891; x_wconf 84' lang='lat'>(219.</span> <span class='ocrx_word' id='word_1_23' title='bbox 1111 814 1184 871; x_wconf 79' lang='lat'>224.</span> <span class='ocrx_word' id='word_1_24' title='bbox 1204 813 1300 891; x_wconf 61' lang='lat'>415),</span> 
     </span>
     <span class='ocr_line' id='line_1_5' title="bbox 175 912 1302 997; baseline 0.002 -18"><span class='ocrx_word' id='word_1_25' title='bbox 175 913 375 997; x_wconf 85' lang='lat' dir='ltr'>Meleagri</span> <span class='ocrx_word' id='word_1_26' title='bbox 388 913 501 997; x_wconf 83' lang='lat'>(223.),</span> <span class='ocrx_word' id='word_1_27' title='bbox 518 912 661 979; x_wconf 80' lang='lat' dir='ltr'>Niciae</span> <span class='ocrx_word' id='word_1_28' title='bbox 679 912 793 997; x_wconf 70' lang='grc'><strong>(399),</strong></span> <span class='ocrx_word' id='word_1_29' title='bbox 810 912 1017 994; x_wconf 91' lang='lat' dir='ltr'>Apollonii</span> <span class='ocrx_word' id='word_1_30' title='bbox 1039 913 1302 982; x_wconf 79' lang='lat' dir='ltr'>Grammatici</span> 
     </span>
     <span class='ocr_line' id='line_1_6' title="bbox 175 1019 1301 1105; baseline 0.004 -21"><span class='ocrx_word' id='word_1_31' title='bbox 175 1020 285 1105; x_wconf 79' lang='lat'>(275.)</span> <span class='ocrx_word' id='word_1_32' title='bbox 309 1019 560 1102; x_wconf 81' lang='lat' dir='ltr'>epigrammatis</span> <span class='ocrx_word' id='word_1_33' title='bbox 584 1019 650 1083; x_wconf 86' lang='lat' dir='ltr'>iam</span> <span class='ocrx_word' id='word_1_34' title='bbox 674 1037 774 1100; x_wconf 90' lang='lat' dir='ltr'>supra</span> <span class='ocrx_word' id='word_1_35' title='bbox 799 1020 867 1085; x_wconf 90' lang='lat' dir='ltr'>suis</span> <span class='ocrx_word' id='word_1_36' title='bbox 895 1020 977 1085; x_wconf 91' lang='lat' dir='ltr'>locis</span> <span class='ocrx_word' id='word_1_37' title='bbox 1005 1020 1162 1087; x_wconf 91' lang='lat' dir='ltr'>iudicium</span> <span class='ocrx_word' id='word_1_38' title='bbox 1189 1027 1301 1104; x_wconf 90' lang='lat' dir='ltr'>protu-</span> 
     </span>
     <span class='ocr_line' id='line_1_7' title="bbox 176 1123 1302 1209; baseline 0.002 -16"><span class='ocrx_word' id='word_1_39' title='bbox 176 1128 286 1193; x_wconf 82' lang='lat' dir='ltr'>limus,</span> <span class='ocrx_word' id='word_1_40' title='bbox 324 1129 473 1193; x_wconf 87' lang='lat' dir='ltr'>Restant</span> <span class='ocrx_word' id='word_1_41' title='bbox 489 1126 606 1209; x_wconf 91' lang='lat' dir='ltr'>igitur:</span> <span class='ocrx_word' id='word_1_42' title='bbox 635 1129 705 1188; x_wconf 87' lang='lat'>158.</span> <span class='ocrx_word' id='word_1_43' title='bbox 731 1123 945 1206; x_wconf 74' lang='grc' dir='ltr'><strong><em>Ἀντιπάτρου.</em></strong></span> <span class='ocrx_word' id='word_1_44' title='bbox 991 1129 1153 1194; x_wconf 82' lang='lat' dir='ltr'>Fortasse</span> <span class='ocrx_word' id='word_1_45' title='bbox 1178 1129 1302 1195; x_wconf 86' lang='lat' dir='ltr'>iniuste</span> 
     </span>
     <span class='ocr_line' id='line_1_8' title="bbox 175 1233 1300 1316; baseline 0.002 -16"><span class='ocrx_word' id='word_1_46' title='bbox 175 1235 328 1311; x_wconf 87' lang='lat' dir='ltr'>fecimus,</span> <span class='ocrx_word' id='word_1_47' title='bbox 360 1234 446 1315; x_wconf 90' lang='lat' dir='ltr'>quod</span> <span class='ocrx_word' id='word_1_48' title='bbox 469 1234 523 1299; x_wconf 91' lang='lat' dir='ltr'>hic</span> <span class='ocrx_word' id='word_1_49' title='bbox 547 1234 587 1298; x_wconf 89' lang='lat' dir='ltr'>de</span> <span class='ocrx_word' id='word_1_50' title='bbox 609 1233 828 1315; x_wconf 89' lang='lat' dir='ltr'>Antipatri</span> <span class='ocrx_word' id='word_1_51' title='bbox 860 1235 1099 1315; x_wconf 72' lang='lat' dir='ltr'>epigrammate</span> <span class='ocrx_word' id='word_1_52' title='bbox 1122 1237 1300 1316; x_wconf 81' lang='lat' dir='ltr'>loquimur3</span> 
     </span>
     <span class='ocr_line' id='line_1_9' title="bbox 177 1340 1302 1422; baseline 0 -15"><span class='ocrx_word' id='word_1_53' title='bbox 177 1342 238 1407; x_wconf 91' lang='lat' dir='ltr'>sed</span> <span class='ocrx_word' id='word_1_54' title='bbox 262 1360 335 1407; x_wconf 90' lang='lat' dir='ltr'>cum</span> <span class='ocrx_word' id='word_1_55' title='bbox 360 1347 487 1407; x_wconf 88' lang='lat' dir='ltr'>certum</span> <span class='ocrx_word' id='word_1_56' title='bbox 511 1340 736 1405; x_wconf 90' lang='lat' dir='ltr'>testimonium</span> <span class='ocrx_word' id='word_1_57' title='bbox 766 1359 871 1420; x_wconf 89' lang='lat' dir='ltr'>neque</span> <span class='ocrx_word' id='word_1_58' title='bbox 903 1340 944 1405; x_wconf 90' lang='lat' dir='ltr'>de</span> <span class='ocrx_word' id='word_1_59' title='bbox 967 1341 1100 1407; x_wconf 84' lang='lat' dir='ltr'>Sidonio</span> <span class='ocrx_word' id='word_1_60' title='bbox 1132 1361 1237 1422; x_wconf 90' lang='lat' dir='ltr'>neque</span> <span class='ocrx_word' id='word_1_61' title='bbox 1261 1343 1302 1408; x_wconf 90' lang='lat' dir='ltr'>de</span> 
     </span>
     <span class='ocr_line' id='line_1_10' title="bbox 178 1446 1302 1522; baseline 0 -7"><span class='ocrx_word' id='word_1_62' title='bbox 178 1447 472 1515; x_wconf 74' lang='lat' dir='ltr'>Thessalonicensi</span> <span class='ocrx_word' id='word_1_63' title='bbox 488 1446 643 1512; x_wconf 88' lang='lat' dir='ltr'>carminis</span> <span class='ocrx_word' id='word_1_64' title='bbox 661 1451 797 1512; x_wconf 89' lang='lat' dir='ltr'>anctore</span> <span class='ocrx_word' id='word_1_65' title='bbox 813 1466 872 1513; x_wconf 90' lang='lat' dir='ltr'>nos</span> <span class='ocrx_word' id='word_1_66' title='bbox 886 1447 1110 1522; x_wconf 90' lang='lat' dir='ltr'>adminiculet‚</span> <span class='ocrx_word' id='word_1_67' title='bbox 1128 1449 1302 1515; x_wconf 84' lang='lat' dir='ltr'>occasione</span> 
     </span>
     <span class='ocr_line' id='line_1_11' title="bbox 178 1552 1325 1638; baseline 0 -17"><span class='ocrx_word' id='word_1_68' title='bbox 178 1557 264 1621; x_wconf 84' lang='lat' dir='ltr'>data</span> <span class='ocrx_word' id='word_1_69' title='bbox 288 1553 522 1621; x_wconf 84' lang='lat' dir='ltr'>examinemus.</span> <span class='ocrx_word' id='word_1_70' title='bbox 569 1552 720 1618; x_wconf 91' lang='lat' dir='ltr'>Positum</span> <span class='ocrx_word' id='word_1_71' title='bbox 753 1558 806 1619; x_wconf 89' lang='lat' dir='ltr'>cst</span> <span class='ocrx_word' id='word_1_72' title='bbox 837 1554 1036 1635; x_wconf 88' lang='lat' dir='ltr'>poematium</span> <span class='ocrx_word' id='word_1_73' title='bbox 1067 1554 1157 1619; x_wconf 93' lang='lat' dir='ltr'>inter</span> <span class='ocrx_word' id='word_1_74' title='bbox 1179 1556 1325 1638; x_wconf 77' lang='lat' dir='ltr'>Dioge·</span> 
     </span>
     <span class='ocr_line' id='line_1_12' title="bbox 178 1658 1300 1742; baseline -0.002 -14"><span class='ocrx_word' id='word_1_75' title='bbox 178 1661 295 1728; x_wconf 89' lang='lat' dir='ltr'>nianei</span> <span class='ocrx_word' id='word_1_76' title='bbox 318 1659 502 1742; x_wconf 90' lang='lat' dir='ltr'>anthologii</span> <span class='ocrx_word' id='word_1_77' title='bbox 525 1658 716 1742; x_wconf 87' lang='lat' dir='ltr'>fragmenta</span> <span class='ocrx_word' id='word_1_78' title='bbox 741 1666 776 1724; x_wconf 90' lang='lat' dir='ltr'>et</span> <span class='ocrx_word' id='word_1_79' title='bbox 798 1660 833 1725; x_wconf 93' lang='lat' dir='ltr'>in</span> <span class='ocrx_word' id='word_1_80' title='bbox 853 1660 945 1725; x_wconf 91' lang='lat' dir='ltr'>istud</span> <span class='ocrx_word' id='word_1_81' title='bbox 962 1660 1092 1740; x_wconf 90' lang='lat' dir='ltr'>quidem</span> <span class='ocrx_word' id='word_1_82' title='bbox 1109 1661 1300 1742; x_wconf 84' lang='lat' dir='ltr'>capitulum,</span> 
     </span>
     <span class='ocr_line' id='line_1_13' title="bbox 179 1765 1303 1850; baseline 0 -17"><span class='ocrx_word' id='word_1_83' title='bbox 179 1787 243 1849; x_wconf 92' lang='lat' dir='ltr'>quo</span> <span class='ocrx_word' id='word_1_84' title='bbox 275 1765 495 1849; x_wconf 89' lang='lat' dir='ltr'>philosophis,</span> <span class='ocrx_word' id='word_1_85' title='bbox 527 1765 705 1847; x_wconf 90' lang='lat' dir='ltr'>praecipue</span> <span class='ocrx_word' id='word_1_86' title='bbox 730 1765 876 1849; x_wconf 82' lang='lat' dir='ltr'>(lyricis,</span> <span class='ocrx_word' id='word_1_87' title='bbox 908 1766 1072 1832; x_wconf 89' lang='lat' dir='ltr'>irridetur.</span> <span class='ocrx_word' id='word_1_88' title='bbox 1119 1767 1303 1850; x_wconf 89' lang='lat' dir='ltr'>Antipater</span> 
     </span>
     <span class='ocr_line' id='line_1_14' title="bbox 179 1873 1302 1957; baseline -0.001 -16"><span class='ocrx_word' id='word_1_89' title='bbox 179 1873 337 1942; x_wconf 87' lang='lat' dir='ltr'>Sidonius</span> <span class='ocrx_word' id='word_1_90' title='bbox 368 1876 486 1937; x_wconf 90' lang='lat' dir='ltr'>auctor</span> <span class='ocrx_word' id='word_1_91' title='bbox 517 1890 591 1937; x_wconf 91' lang='lat' dir='ltr'>esse</span> <span class='ocrx_word' id='word_1_92' title='bbox 622 1873 873 1954; x_wconf 84' lang='lat' dir='ltr'>epigrammatis</span> <span class='ocrx_word' id='word_1_93' title='bbox 903 1892 969 1938; x_wconf 95' lang='lat' dir='ltr'>non</span> <span class='ocrx_word' id='word_1_94' title='bbox 999 1878 1126 1954; x_wconf 87' lang='lat' dir='ltr'>potest,</span> <span class='ocrx_word' id='word_1_95' title='bbox 1168 1875 1302 1957; x_wconf 88' lang='lat' dir='ltr'>scripsit</span> 
     </span>
     <span class='ocr_line' id='line_1_15' title="bbox 180 1978 1301 2062; baseline 0 -15"><span class='ocrx_word' id='word_1_96' title='bbox 180 1981 267 2048; x_wconf 90' lang='lat' dir='ltr'>enim</span> <span class='ocrx_word' id='word_1_97' title='bbox 294 1979 439 2045; x_wconf 89' lang='lat' dir='ltr'>dialecto</span> <span class='ocrx_word' id='word_1_98' title='bbox 464 1978 576 2044; x_wconf 90' lang='lat' dir='ltr'>dorica</span> <span class='ocrx_word' id='word_1_99' title='bbox 601 1988 635 2043; x_wconf 89' lang='lat' dir='ltr'>et</span> <span class='ocrx_word' id='word_1_100' title='bbox 660 1983 766 2044; x_wconf 88' lang='lat' dir='ltr'>totum</span> <span class='ocrx_word' id='word_1_101' title='bbox 791 1980 861 2045; x_wconf 89' lang='lat' dir='ltr'>eius</span> <span class='ocrx_word' id='word_1_102' title='bbox 884 1979 1049 2062; x_wconf 83' lang='lat' dir='ltr'>ingenium</span> <span class='ocrx_word' id='word_1_103' title='bbox 1072 1999 1206 2062; x_wconf 88' lang='lat' dir='ltr'>prorsus</span> <span class='ocrx_word' id='word_1_104' title='bbox 1222 1982 1301 2047; x_wconf 90' lang='lat' dir='ltr'>alie·</span> 
     </span>
     <span class='ocr_line' id='line_1_16' title="bbox 179 2086 1302 2167; baseline -0.001 -12"><span class='ocrx_word' id='word_1_105' title='bbox 179 2108 258 2155; x_wconf 91' lang='lat' dir='ltr'>num</span> <span class='ocrx_word' id='word_1_106' title='bbox 282 2093 337 2154; x_wconf 92' lang='lat' dir='ltr'>est</span> <span class='ocrx_word' id='word_1_107' title='bbox 359 2088 402 2152; x_wconf 90' lang='lat' dir='ltr'>ab</span> <span class='ocrx_word' id='word_1_108' title='bbox 425 2087 489 2151; x_wconf 88' lang='lat' dir='ltr'>hac</span> <span class='ocrx_word' id='word_1_109' title='bbox 512 2104 629 2152; x_wconf 85' lang='lat' dir='ltr'>versus</span> <span class='ocrx_word' id='word_1_110' title='bbox 651 2086 791 2151; x_wconf 90' lang='lat' dir='ltr'>cudendi</span> <span class='ocrx_word' id='word_1_111' title='bbox 806 2087 949 2162; x_wconf 88' lang='lat' dir='ltr'>ratione;</span> <span class='ocrx_word' id='word_1_112' title='bbox 974 2106 1079 2167; x_wconf 88' lang='lat' dir='ltr'>neque</span> <span class='ocrx_word' id='word_1_113' title='bbox 1102 2091 1216 2153; x_wconf 91' lang='lat' dir='ltr'>tamen</span> <span class='ocrx_word' id='word_1_114' title='bbox 1231 2087 1302 2154; x_wconf 93' lang='lat' dir='ltr'>An-</span> 
     </span>
     <span class='ocr_line' id='line_1_17' title="bbox 179 2193 1303 2278; baseline -0.001 -15"><span class='ocrx_word' id='word_1_115' title='bbox 179 2195 303 2278; x_wconf 86' lang='lat' dir='ltr'>tipatri</span> <span class='ocrx_word' id='word_1_116' title='bbox 326 2193 634 2259; x_wconf 77' lang='lat' dir='ltr'>Thessalonicensis</span> <span class='ocrx_word' id='word_1_117' title='bbox 659 2198 711 2258; x_wconf 89' lang='lat' dir='ltr'>est</span> <span class='ocrx_word' id='word_1_118' title='bbox 736 2194 952 2276; x_wconf 86' lang='lat' dir='ltr'>epigramma,</span> <span class='ocrx_word' id='word_1_119' title='bbox 986 2212 1058 2259; x_wconf 90' lang='lat' dir='ltr'>cum</span> <span class='ocrx_word' id='word_1_120' title='bbox 1085 2194 1143 2259; x_wconf 89' lang='lat' dir='ltr'>ille</span> <span class='ocrx_word' id='word_1_121' title='bbox 1168 2194 1303 2277; x_wconf 80' lang='lat' dir='ltr'>Cynicis</span> 
     </span>
     <span class='ocr_line' id='line_1_18' title="bbox 179 2301 1303 2387; baseline -0.001 -18"><span class='ocrx_word' id='word_1_122' title='bbox 179 2301 386 2387; x_wconf 90' lang='lat' dir='ltr'>philosophis</span> <span class='ocrx_word' id='word_1_123' title='bbox 402 2306 578 2383; x_wconf 86' lang='lat' dir='ltr'>propterca</span> <span class='ocrx_word' id='word_1_124' title='bbox 594 2320 659 2366; x_wconf 92' lang='lat' dir='ltr'>non</span> <span class='ocrx_word' id='word_1_125' title='bbox 675 2301 857 2374; x_wconf 85' lang='lat' dir='ltr'>maledixit,</span> <span class='ocrx_word' id='word_1_126' title='bbox 883 2301 960 2382; x_wconf 82' lang='lat' dir='ltr'>quie</span> <span class='ocrx_word' id='word_1_127' title='bbox 977 2301 1065 2380; x_wconf 88' lang='lat' dir='ltr'>Piso,</span> <span class='ocrx_word' id='word_1_128' title='bbox 1091 2302 1144 2367; x_wconf 92' lang='lat' dir='ltr'>cui</span> <span class='ocrx_word' id='word_1_129' title='bbox 1161 2303 1303 2384; x_wconf 90' lang='lat' dir='ltr'>plurima</span> 
     </span>
     <span class='ocr_line' id='line_1_19' title="bbox 180 2406 1303 2491; baseline -0.002 -15"><span class='ocrx_word' id='word_1_130' title='bbox 180 2428 243 2477; x_wconf 86' lang='lat' dir='ltr'>sua</span> <span class='ocrx_word' id='word_1_131' title='bbox 267 2409 513 2491; x_wconf 87' lang='lat' dir='ltr'>epigrammata</span> <span class='ocrx_word' id='word_1_132' title='bbox 536 2407 718 2485; x_wconf 88' lang='lat' dir='ltr'>dedicavit,</span> <span class='ocrx_word' id='word_1_133' title='bbox 749 2407 821 2489; x_wconf 91' lang='lat' dir='ltr'>ipse</span> <span class='ocrx_word' id='word_1_134' title='bbox 844 2409 930 2472; x_wconf 90' lang='lat' dir='ltr'>hanc</span> <span class='ocrx_word' id='word_1_135' title='bbox 953 2406 1182 2488; x_wconf 90' lang='lat' dir='ltr'>philosophiae</span> <span class='ocrx_word' id='word_1_136' title='bbox 1205 2407 1303 2474; x_wconf 91' lang='lat' dir='ltr'>disci·</span> 
     </span>
     <span class='ocr_line' id='line_1_20' title="bbox 179 2514 1304 2600; baseline -0.002 -18"><span class='ocrx_word' id='word_1_137' title='bbox 179 2517 307 2600; x_wconf 86' lang='lat' dir='ltr'>plinam</span> <span class='ocrx_word' id='word_1_138' title='bbox 332 2515 508 2581; x_wconf 89' lang='lat' dir='ltr'>adamasse</span> <span class='ocrx_word' id='word_1_139' title='bbox 523 2514 700 2599; x_wconf 74' lang='lat' dir='ltr'>videtnr1).</span> <span class='ocrx_word' id='word_1_140' title='bbox 739 2515 861 2595; x_wconf 89' lang='lat' dir='ltr'>Itaque</span> <span class='ocrx_word' id='word_1_141' title='bbox 884 2519 1059 2594; x_wconf 89' lang='lat' dir='ltr'>utrumque</span> <span class='ocrx_word' id='word_1_142' title='bbox 1082 2532 1200 2579; x_wconf 92' lang='lat' dir='ltr'>nomen</span> <span class='ocrx_word' id='word_1_143' title='bbox 1218 2514 1304 2580; x_wconf 83' lang='lat' dir='ltr'>falso</span> 
     </span>
     <span class='ocr_line' id='line_1_21' title="bbox 178 2620 1304 2702; baseline -0.003 -13"><span class='ocrx_word' id='word_1_144' title='bbox 178 2623 347 2690; x_wconf 87' lang='lat' dir='ltr'>traditum</span> <span class='ocrx_word' id='word_1_145' title='bbox 370 2639 445 2687; x_wconf 89' lang='lat' dir='ltr'>esse</span> <span class='ocrx_word' id='word_1_146' title='bbox 463 2621 678 2686; x_wconf 90' lang='lat' dir='ltr'>statuendum</span> <span class='ocrx_word' id='word_1_147' title='bbox 701 2625 754 2686; x_wconf 88' lang='lat' dir='ltr'>est</span> <span class='ocrx_word' id='word_1_148' title='bbox 777 2639 881 2701; x_wconf 90' lang='lat' dir='ltr'>neque</span> <span class='ocrx_word' id='word_1_149' title='bbox 904 2620 1107 2702; x_wconf 91' lang='lat' dir='ltr'>impedimur,</span> <span class='ocrx_word' id='word_1_150' title='bbox 1133 2621 1304 2701; x_wconf 87' lang='lat' dir='ltr'>quominus</span> 
     </span>
     <span class='ocr_line' id='line_1_22' title="bbox 178 2725 1305 2808; baseline -0.003 -13"><span class='ocrx_word' id='word_1_151' title='bbox 178 2731 214 2795; x_wconf 95' lang='lat' dir='ltr'>id</span> <span class='ocrx_word' id='word_1_152' title='bbox 245 2747 379 2802; x_wconf 91' lang='lat' dir='ltr'>nomen,</span> <span class='ocrx_word' id='word_1_153' title='bbox 415 2727 502 2808; x_wconf 89' lang='lat' dir='ltr'>qnod</span> <span class='ocrx_word' id='word_1_154' title='bbox 531 2726 597 2790; x_wconf 88' lang='lat' dir='ltr'>iam</span> <span class='ocrx_word' id='word_1_155' title='bbox 629 2725 705 2791; x_wconf 88' lang='lat' dir='ltr'>aliis</span> <span class='ocrx_word' id='word_1_156' title='bbox 735 2726 817 2791; x_wconf 86' lang='lat' dir='ltr'>locis</span> <span class='ocrx_word' id='word_1_157' title='bbox 850 2745 908 2807; x_wconf 91' lang='lat' dir='ltr'>pro</span> <span class='ocrx_word' id='word_1_158' title='bbox 940 2726 1118 2806; x_wconf 89' lang='lat' dir='ltr'>Antipatri</span> <span class='ocrx_word' id='word_1_159' title='bbox 1148 2726 1305 2793; x_wconf 89' lang='lat' dir='ltr'>lemmate</span> 
     </span>
     <span class='ocr_line' id='line_1_23' title="bbox 178 2832 1305 2916; baseline -0.003 -14"><span class='ocrx_word' id='word_1_160' title='bbox 178 2835 401 2915; x_wconf 90' lang='lat' dir='ltr'>restituimus,</span> <span class='ocrx_word' id='word_1_161' title='bbox 434 2834 510 2899; x_wconf 91' lang='lat' dir='ltr'>huic</span> <span class='ocrx_word' id='word_1_162' title='bbox 541 2853 667 2914; x_wconf 92' lang='lat' dir='ltr'>quoque</span> <span class='ocrx_word' id='word_1_163' title='bbox 699 2833 933 2916; x_wconf 88' lang='lat' dir='ltr'>epigrammati</span> <span class='ocrx_word' id='word_1_164' title='bbox 963 2832 1154 2916; x_wconf 88' lang='lat' dir='ltr'>reddamus,</span> <span class='ocrx_word' id='word_1_165' title='bbox 1188 2853 1305 2916; x_wconf 91' lang='lat' dir='ltr'>nempe</span> 
     </span>
     <span class='ocr_line' id='line_1_24' title="bbox 179 2940 1306 3022; baseline -0.004 -13"><span class='ocrx_word' id='word_1_166' title='bbox 179 2941 352 3019; x_wconf 86' lang='lat' dir='ltr'>Nicarchi,</span> <span class='ocrx_word' id='word_1_167' title='bbox 382 2940 438 3021; x_wconf 92' lang='lat' dir='ltr'>qui</span> <span class='ocrx_word' id='word_1_168' title='bbox 460 2944 499 3007; x_wconf 91' lang='lat' dir='ltr'>nt</span> <span class='ocrx_word' id='word_1_169' title='bbox 523 2958 651 3022; x_wconf 91' lang='lat' dir='ltr'>semper</span> <span class='ocrx_word' id='word_1_170' title='bbox 675 2941 779 3005; x_wconf 91' lang='lat' dir='ltr'>etiam</span> <span class='ocrx_word' id='word_1_171' title='bbox 801 2940 862 3005; x_wconf 89' lang='lat' dir='ltr'>hoc</span> <span class='ocrx_word' id='word_1_172' title='bbox 887 2940 1136 3022; x_wconf 87' lang='lat' dir='ltr'>epigrammate,</span> <span class='ocrx_word' id='word_1_173' title='bbox 1162 2940 1221 3006; x_wconf 91' lang='lat' dir='ltr'>sed</span> <span class='ocrx_word' id='word_1_174' title='bbox 1245 2960 1306 3006; x_wconf 91' lang='lat' dir='ltr'>sua</span> 
     </span>
     <span class='ocr_line' id='line_1_25' title="bbox 180 3046 1305 3129; baseline -0.002 -15"><span class='ocrx_word' id='word_1_175' title='bbox 180 3067 282 3129; x_wconf 87' lang='lat' dir='ltr'>quam</span> <span class='ocrx_word' id='word_1_176' title='bbox 305 3051 409 3113; x_wconf 89' lang='lat' dir='ltr'>antea</span> <span class='ocrx_word' id='word_1_177' title='bbox 433 3046 700 3114; x_wconf 84' lang='lat' dir='ltr'>adumbravimus</span> <span class='ocrx_word' id='word_1_178' title='bbox 722 3052 797 3112; x_wconf 90' lang='lat' dir='ltr'>arte</span> <span class='ocrx_word' id='word_1_179' title='bbox 821 3052 856 3111; x_wconf 91' lang='lat' dir='ltr'>et</span> <span class='ocrx_word' id='word_1_180' title='bbox 877 3047 1018 3120; x_wconf 90' lang='lat' dir='ltr'>ratione,</span> <span class='ocrx_word' id='word_1_181' title='bbox 1047 3046 1212 3112; x_wconf 86' lang='lat' dir='ltr'>Lucilium</span> <span class='ocrx_word' id='word_1_182' title='bbox 1233 3048 1305 3112; x_wconf 90' lang='lat' dir='ltr'>imi·</span> 
     </span>
     <span class='ocr_line' id='line_1_26' title="bbox 180 3153 1305 3221; baseline -0.001 -1"><span class='ocrx_word' id='word_1_183' title='bbox 180 3157 339 3221; x_wconf 84' lang='lat' dir='ltr'>tabatur:</span> <span class='ocrx_word' id='word_1_184' title='bbox 365 3153 517 3220; x_wconf 85' lang='lat' dir='ltr'>conferas</span> <span class='ocrx_word' id='word_1_185' title='bbox 542 3153 680 3218; x_wconf 91' lang='lat' dir='ltr'>eundem</span> <span class='ocrx_word' id='word_1_186' title='bbox 703 3155 877 3220; x_wconf 90' lang='lat' dir='ltr'>verborum</span> <span class='ocrx_word' id='word_1_187' title='bbox 905 3154 1011 3218; x_wconf 91' lang='lat' dir='ltr'>lusum</span> <span class='ocrx_word' id='word_1_188' title='bbox 1037 3153 1305 3218; x_wconf 68' lang='lat' dir='ltr'>intermisceret</span> 
     </span>
     <span class='ocr_line' id='line_1_27' title="bbox 180 3257 1304 3343; baseline -0.003 -17"><span class='ocrx_word' id='word_1_189' title='bbox 180 3261 328 3343; x_wconf 78' lang='grc' dir='ltr'><strong><em>Κυνικός,</em></strong></span> <span class='ocrx_word' id='word_1_190' title='bbox 359 3265 430 3326; x_wconf 91' lang='lat' dir='ltr'>tum</span> <span class='ocrx_word' id='word_1_191' title='bbox 453 3257 624 3339; x_wconf 79' lang='grc' dir='ltr'><strong><em>ῥιγομάχος</em></strong></span> <span class='ocrx_word' id='word_1_192' title='bbox 647 3259 769 3325; x_wconf 89' lang='lat' dir='ltr'>Lucilii</span> <span class='ocrx_word' id='word_1_193' title='bbox 792 3259 893 3325; x_wconf 88' lang='lat' dir='ltr'>facile</span> <span class='ocrx_word' id='word_1_194' title='bbox 923 3260 1128 3341; x_wconf 89' lang='lat' dir='ltr'>componitur</span> <span class='ocrx_word' id='word_1_195' title='bbox 1152 3277 1224 3324; x_wconf 93' lang='lat' dir='ltr'>cum</span> <span class='ocrx_word' id='word_1_196' title='bbox 1247 3259 1304 3325; x_wconf 87' lang='lat' dir='ltr'>Ni-</span> 
     </span>
     <span class='ocr_line' id='line_1_28' title="bbox 180 3362 854 3446; baseline -0.012 -11"><span class='ocrx_word' id='word_1_197' title='bbox 180 3367 309 3434; x_wconf 72' lang='lat' dir='ltr'>carchi:</span> <span class='ocrx_word' id='word_1_198' title='bbox 334 3373 478 3446; x_wconf 77' lang='grc' dir='ltr'><strong><em>κρυερῶν</em></strong></span> <span class='ocrx_word' id='word_1_199' title='bbox 502 3362 675 3428; x_wconf 76' lang='grc' dir='ltr'><em>ἀντίπαλον</em></span> <span class='ocrx_word' id='word_1_200' title='bbox 701 3365 854 3443; x_wconf 76' lang='grc' dir='ltr'>νιφὰδων.</span> 
     </span>
    </p>

    <p class='ocr_par' dir='ltr' id='par_1_4' title="bbox 182 3473 1303 3661">
     <span class='ocr_line' id='line_1_29' title="bbox 275 3473 1303 3555; baseline -0.002 -18"><span class='ocrx_word' id='word_1_201' title='bbox 275 3477 347 3537; x_wconf 86' lang='grc'><strong>195.</strong></span> <span class='ocrx_word' id='word_1_202' title='bbox 378 3476 582 3551; x_wconf 78' lang='grc' dir='ltr'><em>Διοσκορίὁου</em></span> <span class='ocrx_word' id='word_1_203' title='bbox 606 3473 810 3554; x_wconf 87' lang='lat' dir='ltr'>epigramma</span> <span class='ocrx_word' id='word_1_204' title='bbox 832 3474 952 3539; x_wconf 91' lang='lat' dir='ltr'>iterum</span> <span class='ocrx_word' id='word_1_205' title='bbox 976 3473 1101 3555; x_wconf 90' lang='lat' dir='ltr'>legitur</span> <span class='ocrx_word' id='word_1_206' title='bbox 1126 3477 1205 3537; x_wconf 87' lang='lat' dir='ltr'>ante</span> <span class='ocrx_word' id='word_1_207' title='bbox 1230 3477 1303 3536; x_wconf 83' lang='lat'>362.</span> 
     </span>
     <span class='ocr_line' id='line_1_30' title="bbox 182 3579 1179 3661; baseline -0.005 -14"><span class='ocrx_word' id='word_1_208' title='bbox 182 3579 384 3647; x_wconf 80' lang='lat' dir='ltr'>Callimachi</span> <span class='ocrx_word' id='word_1_209' title='bbox 407 3579 620 3661; x_wconf 86' lang='lat' dir='ltr'>epigramma,</span> <span class='ocrx_word' id='word_1_210' title='bbox 645 3598 707 3660; x_wconf 94' lang='lat' dir='ltr'>quo</span> <span class='ocrx_word' id='word_1_211' title='bbox 731 3580 802 3644; x_wconf 89' lang='lat' dir='ltr'>loeo</span> <span class='ocrx_word' id='word_1_212' title='bbox 826 3580 866 3645; x_wconf 90' lang='lat' dir='ltr'>de</span> <span class='ocrx_word' id='word_1_213' title='bbox 891 3599 928 3645; x_wconf 90' lang='lat' dir='ltr'>eo</span> <span class='ocrx_word' id='word_1_214' title='bbox 952 3580 1179 3645; x_wconf 87' lang='lat' dir='ltr'>iudicabimus.</span> 
     </span>
    </p>

    <p class='ocr_par' dir='ltr' id='par_1_5' title="bbox 183 3685 1305 3860">
     <span class='ocr_line' id='line_1_31' title="bbox 275 3685 1305 3771; baseline -0.003 -18"><span class='ocrx_word' id='word_1_215' title='bbox 275 3686 531 3753; x_wconf 86' lang='lat' dir='ltr'>(leleberrimum</span> <span class='ocrx_word' id='word_1_216' title='bbox 556 3691 609 3751; x_wconf 87' lang='lat' dir='ltr'>est</span> <span class='ocrx_word' id='word_1_217' title='bbox 638 3685 857 3771; x_wconf 79' lang='lat' dir='ltr'>Oratetis2)</span> <span class='ocrx_word' id='word_1_218' title='bbox 887 3687 922 3751; x_wconf 92' lang='lat' dir='ltr'>in</span> <span class='ocrx_word' id='word_1_219' title='bbox 953 3685 1195 3769; x_wconf 83' lang='lat' dir='ltr'>Euphorionem</span> <span class='ocrx_word' id='word_1_220' title='bbox 1222 3685 1305 3751; x_wconf 92' lang='lat' dir='ltr'>ludi·</span> 
     </span>
     <span class='ocr_line' id='line_1_32' title="bbox 183 3795 379 3860; baseline -0.015 0"><span class='ocrx_word' id='word_1_221' title='bbox 183 3813 274 3860; x_wconf 88' lang='lat' dir='ltr'>crum</span> <span class='ocrx_word' id='word_1_222' title='bbox 300 3795 379 3857; x_wconf 81' lang='lat'>218:</span> 
     </span>
    </p>
   </div>
   <div class='ocr_carea' id='block_1_3' title="bbox 184 3991 399 4001">
    <p class='ocr_par' dir='ltr' id='par_1_6' title="bbox 184 3991 399 4001">
     <span class='ocr_line' id='line_1_33' title="bbox 184 3991 399 4001; baseline -0.005 -3"><span class='ocrx_word' id='word_1_223' title='bbox 184 3991 399 4001; x_wconf 71' lang='lat'><em>-—-.-..</em></span> 
     </span>
    </p>
   </div>
   <div class='ocr_carea' id='block_1_4' title="bbox 184 4073 1306 4410">
    <p class='ocr_par' dir='ltr' id='par_1_7' title="bbox 278 4073 683 4147">
     <span class='ocr_line' id='line_1_34' title="bbox 278 4073 683 4147; baseline -0.002 -16"><span class='ocrx_word' id='word_1_224' title='bbox 278 4076 299 4147; x_wconf 88' lang='lat'>²)</span> <span class='ocrx_word' id='word_1_225' title='bbox 320 4073 406 4131; x_wconf 79' lang='lat' dir='ltr'>secti:</span> <span class='ocrx_word' id='word_1_226' title='bbox 424 4074 519 4143; x_wconf 86' lang='lat' dir='ltr'>Antip.</span> <span class='ocrx_word' id='word_1_227' title='bbox 539 4091 603 4144; x_wconf 82' lang='lat' dir='ltr'>pag.</span> <span class='ocrx_word' id='word_1_228' title='bbox 624 4074 683 4130; x_wconf 82' lang='lat'>135.</span> 
     </span>
    </p>

    <p class='ocr_par' dir='ltr' id='par_1_8' title="bbox 184 4161 1306 4410">
     <span class='ocr_line' id='line_1_35' title="bbox 277 4161 1306 4234; baseline -0.002 -16"><span class='ocrx_word' id='word_1_229' title='bbox 277 4163 301 4234; x_wconf 85' lang='lat'>¹)</span> <span class='ocrx_word' id='word_1_230' title='bbox 320 4163 356 4220; x_wconf 81' lang='lat' dir='ltr'>cl.</span> <span class='ocrx_word' id='word_1_231' title='bbox 375 4162 570 4218; x_wconf 83' lang='lat' dir='ltr'>Wachsmuth:</span> <span class='ocrx_word' id='word_1_232' title='bbox 590 4163 665 4218; x_wconf 84' lang='lat' dir='ltr'>Crat.</span> <span class='ocrx_word' id='word_1_233' title='bbox 684 4161 760 4217; x_wconf 77' lang='lat' dir='ltr'>Mul.</span> <span class='ocrx_word' id='word_1_234' title='bbox 779 4178 806 4230; x_wconf 85' lang='lat' dir='ltr'>p.</span> <span class='ocrx_word' id='word_1_235' title='bbox 826 4163 868 4218; x_wconf 88' lang='grc'>67.</span> <span class='ocrx_word' id='word_1_236' title='bbox 888 4162 1028 4218; x_wconf 79' lang='lat' dir='ltr'>Mainake:</span> <span class='ocrx_word' id='word_1_237' title='bbox 1047 4161 1127 4218; x_wconf 85' lang='lat' dir='ltr'>Auel.</span> <span class='ocrx_word' id='word_1_238' title='bbox 1148 4162 1226 4217; x_wconf 86' lang='lat' dir='ltr'>Alex.</span> <span class='ocrx_word' id='word_1_239' title='bbox 1244 4179 1270 4231; x_wconf 93' lang='lat' dir='ltr'>p.</span> <span class='ocrx_word' id='word_1_240' title='bbox 1281 4165 1306 4216; x_wconf 86' lang='lat'>7.</span> 
     </span>
     <span class='ocr_line' id='line_1_36' title="bbox 184 4250 1305 4324; baseline -0.004 -14"><span class='ocrx_word' id='word_1_241' title='bbox 184 4271 224 4324; x_wconf 88' lang='lat' dir='ltr'>sq.</span> <span class='ocrx_word' id='word_1_242' title='bbox 248 4253 361 4310; x_wconf 87' lang='lat' dir='ltr'>Rohde:</span> <span class='ocrx_word' id='word_1_243' title='bbox 385 4250 493 4308; x_wconf 84' lang='lat' dir='ltr'>Griech.</span> <span class='ocrx_word' id='word_1_244' title='bbox 515 4250 592 4306; x_wconf 85' lang='lat' dir='ltr'>Rom.</span> <span class='ocrx_word' id='word_1_245' title='bbox 618 4254 666 4318; x_wconf 78' lang='lat'>23,</span> <span class='ocrx_word' id='word_1_246' title='bbox 698 4251 760 4307; x_wconf 83' lang='lat' dir='ltr'>adn.</span> <span class='ocrx_word' id='word_1_247' title='bbox 785 4252 809 4306; x_wconf 96' lang='grc'>1.</span> <span class='ocrx_word' id='word_1_248' title='bbox 848 4250 975 4305; x_wconf 85' lang='lat' dir='ltr'>Knsack:</span> <span class='ocrx_word' id='word_1_249' title='bbox 1001 4250 1044 4306; x_wconf 90' lang='lat' dir='ltr'>JJ.</span> <span class='ocrx_word' id='word_1_250' title='bbox 1070 4253 1130 4306; x_wconf 85' lang='lat'>143.</span> <span class='ocrx_word' id='word_1_251' title='bbox 1162 4253 1221 4305; x_wconf 81' lang='grc'><strong>779.</strong></span> <span class='ocrx_word' id='word_1_252' title='bbox 1248 4265 1305 4317; x_wconf 85' lang='lat' dir='ltr'>sqq.</span> 
     </span>
     <span class='ocr_line' id='line_1_37' title="bbox 184 4338 822 4410; baseline -0.011 -10"><span class='ocrx_word' id='word_1_253' title='bbox 184 4341 335 4400; x_wconf 85' lang='lat' dir='ltr'>Susemihl:</span> <span class='ocrx_word' id='word_1_254' title='bbox 354 4341 372 4397; x_wconf 92' lang='lat'>1.</span> <span class='ocrx_word' id='word_1_255' title='bbox 392 4341 410 4398; x_wconf 91' lang='lat' dir='ltr'>l.</span> <span class='ocrx_word' id='word_1_256' title='bbox 430 4341 451 4397; x_wconf 94' lang='lat'>1.</span> <span class='ocrx_word' id='word_1_257' title='bbox 470 4340 530 4408; x_wconf 81' lang='grc'><strong>395,</strong></span> <span class='ocrx_word' id='word_1_258' title='bbox 551 4342 616 4410; x_wconf 79' lang='grc'><strong>109;</strong></span> <span class='ocrx_word' id='word_1_259' title='bbox 636 4355 697 4409; x_wconf 84' lang='lat' dir='ltr'>opp.</span> <span class='ocrx_word' id='word_1_260' title='bbox 717 4355 742 4407; x_wconf 91' lang='lat' dir='ltr'>p.</span> <span class='ocrx_word' id='word_1_261' title='bbox 762 4338 822 4393; x_wconf 90' lang='grc'><strong>899.</strong></span> 
     </span>
    </p>
   </div>
   <div class='ocr_carea' id='block_1_5' title="bbox 0 0 1491 4852">
    <p class='ocr_par' dir='ltr' id='par_1_9' title="bbox 0 0 1491 4852">
     <span class='ocr_line' id='line_1_38' title="bbox 0 0 1491 4852; baseline 0 0"><span class='ocrx_word' id='word_1_262' title='bbox 0 0 1491 4852; x_wconf 95' lang='lat' dir='ltr'> </span> 
     </span>
    </p>
   </div>
  </div>
 </body>
</html>
